day;timestamp;product;bid_price_1;bid_volume_1;bid_price_2;bid_volume_2;bid_price_3;bid_volume_3;ask_price_1;ask_volume_1;ask_price_2;ask_volume_2;ask_price_3;ask_volume_3;mid_price;profit_and_loss
39;0;VEV_5100;177;7;176;14;;;181;7;182;14;;;179.0;0.0
39;100;VEV_5100;175;24;;;;;180;24;;;;;177.5;-3.467071533203125
39;200;VEV_5100;175;23;;;;;180;23;;;;;177.5;-3.2858123779296875
39;300;VEV_5100;176;9;175;17;;;180;9;181;17;;;178.0;-2.9277191162109375
39;400;VEV_5100;175;8;174;14;;;179;22;;;;;177.0;-4.2298431396484375
39;500;VEV_5100;173;23;;;;;178;23;;;;;175.5;-5.5308380126953125
39;600;VEV_5100;174;5;172;23;;;177;23;;;;;175.5;-6.6118316650390625
39;700;VEV_5100;173;7;172;15;;;177;7;178;15;;;175.0;-6.1189117431640625
39;800;VEV_5100;173;9;172;13;;;177;9;178;13;;;175.0;-5.8909149169921875
39;900;VEV_5100;173;6;172;19;;;177;6;178;19;;;175.0;-5.83575439453125
39;1000;VEV_5100;173;12;172;12;;;177;12;178;12;;;175.0;-5.91259765625
39;1100;VEV_5100;174;8;173;15;;;178;8;179;15;;;176.0;-5.1055755615234375
39;1200;VEV_5100;172;24;;;;;177;24;;;;;174.5;-6.29718017578125
39;1300;VEV_5100;172;21;;;;;177;21;;;;;174.5;-6.5074462890625
39;1400;VEV_5100;174;12;173;14;;;178;12;179;14;;;176.0;-4.8465576171875
39;1500;VEV_5100;174;33;;;;;179;33;;;;;176.5;-4.2534942626953125
39;1600;VEV_5100;174;20;;;;;179;20;;;;;176.5;-4.2676544189453125
39;1700;VEV_5100;176;6;175;13;;;180;6;181;13;;;178.0;-3.1681976318359375
39;1800;VEV_5100;175;27;;;;;180;27;;;;;177.5;-3.3645782470703125
39;1900;VEV_5100;176;11;175;14;;;180;11;181;14;;;178.0;-2.8369293212890625
39;2000;VEV_5100;177;23;;;;;182;23;;;;;179.5;-1.3122100830078125
39;2100;VEV_5100;178;22;;;;;183;22;;;;;180.5;-0.324798583984375
39;2200;VEV_5100;177;18;;;;;182;18;;;;;179.5;-1.275482177734375
39;2300;VEV_5100;178;25;;;;;183;25;;;;;180.5;-0.648193359375
39;2400;VEV_5100;179;20;;;;;184;20;;;;;181.5;0.461578369140625
39;2500;VEV_5100;181;10;180;13;;;186;23;;;;;183.5;2.19012451171875
39;2600;VEV_5100;181;22;;;;;186;22;;;;;183.5;2.5666046142578125
39;2700;VEV_5100;181;8;180;14;;;185;8;186;14;;;183.0;2.002471923828125
39;2800;VEV_5100;180;22;;;;;185;22;;;;;182.5;1.5179901123046875
39;2900;VEV_5100;178;24;;;;;183;7;184;17;;;180.5;-0.2037506103515625
39;3000;VEV_5100;179;22;;;;;184;22;;;;;181.5;0.6605987548828125
39;3100;VEV_5100;181;11;180;16;;;186;27;;;;;183.5;2.2449188232421875
39;3200;VEV_5100;181;30;;;;;186;8;187;22;;;183.5;2.7997283935546875
39;3300;VEV_5100;182;18;;;;;187;18;;;;;184.5;3.4265899658203125
39;3400;VEV_5100;183;10;182;24;;;188;34;;;;;185.5;4.1758880615234375
39;3500;VEV_5100;182;12;181;21;;;186;12;187;21;;;184.0;3.1457672119140625
39;3600;VEV_5100;182;27;;;;;187;12;188;15;;;184.5;3.8133087158203125
39;3700;VEV_5100;182;9;181;13;;;187;22;;;;;184.5;3.2670135498046875
39;3800;VEV_5100;182;30;;;;;187;30;;;;;184.5;3.6658477783203125
39;3900;VEV_5100;182;22;;;;;187;22;;;;;184.5;3.6846466064453125
39;4000;VEV_5100;181;22;;;;;186;6;187;16;;;183.5;2.732421875
39;4100;VEV_5100;182;32;;;;;187;32;;;;;184.5;3.4938507080078125
39;4200;VEV_5100;183;7;182;13;;;187;7;188;13;;;185.0;4.1166839599609375
39;4300;VEV_5100;183;9;182;21;;;187;9;188;21;;;185.0;4.068572998046875
39;4400;VEV_5100;181;32;;;;;186;32;;;;;183.5;2.31903076171875
39;4500;VEV_5100;181;7;180;13;;;186;20;;;;;183.5;2.187652587890625
39;4600;VEV_5100;180;6;179;18;;;184;6;185;18;;;182.0;0.99810791015625
39;4700;VEV_5100;180;11;179;18;;;184;11;185;18;;;182.0;1.1173248291015625
39;4800;VEV_5100;180;11;179;15;;;184;11;185;15;;;182.0;0.89739990234375
39;4900;VEV_5100;181;29;;;;;186;8;187;21;;;183.5;2.8330535888671875
39;5000;VEV_5100;182;9;181;23;;;186;9;187;23;;;184.0;3.016845703125
39;5100;VEV_5100;182;9;181;16;;;186;9;187;16;;;184.0;2.9219512939453125
39;5200;VEV_5100;182;12;181;24;;;186;12;187;24;;;184.0;2.937164306640625
39;5300;VEV_5100;182;29;;;;;187;29;;;;;184.5;3.34747314453125
39;5400;VEV_5100;182;10;181;18;;;186;10;187;18;;;184.0;2.942047119140625
39;5500;VEV_5100;184;28;;;;;189;28;;;;;186.5;5.359039306640625
39;5600;VEV_5100;184;21;;;;;189;21;;;;;186.5;5.606475830078125
39;5700;VEV_5100;184;25;;;;;189;25;;;;;186.5;5.4920654296875
39;5800;VEV_5100;183;11;182;13;;;188;24;;;;;185.5;4.226287841796875
39;5900;VEV_5100;183;20;;;;;188;20;;;;;185.5;4.49822998046875
39;6000;VEV_5100;184;11;183;16;;;188;11;189;16;;;186.0;4.9963836669921875
39;6100;VEV_5100;183;27;;;;;188;27;;;;;185.5;4.6598052978515625
39;6200;VEV_5100;184;12;183;12;;;188;12;189;12;;;186.0;4.9509429931640625
39;6300;VEV_5100;183;8;182;13;;;188;21;;;;;185.5;4.2685394287109375
39;6400;VEV_5100;182;26;;;;;187;26;;;;;184.5;3.5417022705078125
39;6500;VEV_5100;182;22;;;;;187;22;;;;;184.5;3.304901123046875
39;6600;VEV_5100;182;10;181;14;;;186;10;187;14;;;184.0;2.904693603515625
39;6700;VEV_5100;181;29;;;;;186;29;;;;;183.5;2.3711090087890625
39;6800;VEV_5100;181;32;;;;;186;32;;;;;183.5;2.44769287109375
39;6900;VEV_5100;182;8;181;16;;;187;24;;;;;184.5;3.27838134765625
39;7000;VEV_5100;181;9;180;14;;;185;9;186;14;;;183.0;2.06549072265625
39;7100;VEV_5100;179;29;;;;;184;7;185;22;;;181.5;0.7523651123046875
39;7200;VEV_5100;180;7;179;12;;;184;7;185;12;;;182.0;0.9318389892578125
39;7300;VEV_5100;180;11;179;22;;;184;11;185;22;;;182.0;1.170135498046875
39;7400;VEV_5100;181;29;;;;;186;29;;;;;183.5;2.661529541015625
39;7500;VEV_5100;182;30;;;;;187;8;188;22;;;184.5;3.7375640869140625
39;7600;VEV_5100;181;12;180;12;;;185;12;186;12;;;183.0;2.136322021484375
39;7700;VEV_5100;182;11;181;17;;;186;11;187;17;;;184.0;2.881591796875
39;7800;VEV_5100;182;2;180;12;179;23;184;12;185;23;;;183.0;1.121185302734375
39;7900;VEV_5100;180;25;;;;;185;9;186;16;;;182.5;1.78179931640625
39;8000;VEV_5100;180;11;179;23;;;184;11;185;23;;;182.0;0.9740753173828125
39;8100;VEV_5100;179;27;;;;;184;27;;;;;181.5;0.6480712890625
39;8200;VEV_5100;179;31;;;;;184;31;;;;;181.5;0.2774200439453125
39;8300;VEV_5100;179;6;178;23;;;183;6;184;23;;;181.0;-0.0512542724609375
39;8400;VEV_5100;180;8;179;23;;;185;31;;;;;182.5;1.236083984375
39;8500;VEV_5100;180;12;179;24;;;184;12;185;24;;;182.0;0.9037933349609375
39;8600;VEV_5100;180;9;179;18;;;184;9;185;18;;;182.0;0.9547882080078125
39;8700;VEV_5100;178;10;177;16;;;183;26;;;;;180.5;-0.78887939453125
39;8800;VEV_5100;177;29;;;;;182;29;;;;;179.5;-1.4912261962890625
39;8900;VEV_5100;177;22;;;;;182;22;;;;;179.5;-1.684814453125
39;9000;VEV_5100;177;11;176;14;;;181;11;182;14;;;179.0;-2.123779296875
39;9100;VEV_5100;176;21;;;;;181;21;;;;;178.5;-2.540679931640625
39;9200;VEV_5100;176;12;175;24;;;180;12;181;24;;;178.0;-3.053741455078125
39;9300;VEV_5100;175;27;;;;;180;27;;;;;177.5;-3.6165618896484375
39;9400;VEV_5100;174;27;;;;;179;27;;;;;176.5;-4.6603546142578125
39;9500;VEV_5100;173;22;;;;;178;22;;;;;175.5;-5.4940643310546875
39;9600;VEV_5100;173;9;172;22;;;177;9;178;22;;;175.0;-5.8352813720703125
39;9700;VEV_5100;173;7;172;18;;;177;7;178;18;;;175.0;-6.09832763671875
39;9800;VEV_5100;173;12;172;18;;;177;12;178;18;;;175.0;-6.118255615234375
39;9900;VEV_5100;172;22;;;;;177;22;;;;;174.5;-6.4880218505859375
39;10000;VEV_5100;173;21;;;;;177;8;178;13;;;175.0;-5.762969970703125
39;10100;VEV_5100;173;22;;;;;178;22;;;;;175.5;-5.6563568115234375
39;10200;VEV_5100;172;27;;;;;177;27;;;;;174.5;-6.4254302978515625
39;10300;VEV_5100;171;33;;;;;176;33;;;;;173.5;-7.54718017578125
39;10400;VEV_5100;172;27;;;;;177;27;;;;;174.5;-6.501495361328125
39;10500;VEV_5100;172;11;171;23;;;176;11;177;23;;;174.0;-7.0792388916015625
39;10600;VEV_5100;171;30;;;;;176;30;;;;;173.5;-7.344635009765625
39;10700;VEV_5100;173;8;172;14;;;177;8;178;14;;;175.0;-6.1370697021484375
39;10800;VEV_5100;171;22;;;;;176;22;;;;;173.5;-7.36676025390625
39;10900;VEV_5100;172;11;171;17;;;176;11;177;17;;;174.0;-6.979583740234375
39;11000;VEV_5100;173;12;172;22;;;177;12;178;22;;;175.0;-5.930694580078125
39;11100;VEV_5100;174;11;173;19;;;178;11;179;19;;;176.0;-4.91278076171875
39;11200;VEV_5100;174;27;;;;;179;27;;;;;176.5;-4.2761077880859375
39;11300;VEV_5100;175;9;174;14;;;179;9;180;14;;;177.0;-3.8769378662109375
39;11400;VEV_5100;176;24;;;;;181;24;;;;;178.5;-2.375335693359375
39;11500;VEV_5100;177;11;176;15;;;181;11;182;15;;;179.0;-2.0132293701171875
39;11600;VEV_5100;176;33;;;;;181;33;;;;;178.5;-2.7104339599609375
39;11700;VEV_5100;176;19;;;;;181;19;;;;;178.5;-2.3412628173828125
39;11800;VEV_5100;175;33;;;;;180;33;;;;;177.5;-3.2502593994140625
39;11900;VEV_5100;177;9;176;19;;;181;9;182;19;;;179.0;-1.8180389404296875
39;12000;VEV_5100;178;6;177;12;;;182;6;183;12;;;180.0;-0.88671875
39;12100;VEV_5100;178;6;177;17;;;183;23;;;;;180.5;-0.7822113037109375
39;12200;VEV_5100;178;11;177;12;;;182;11;183;12;;;180.0;-1.0418548583984375
39;12300;VEV_5100;178;12;177;20;;;182;12;183;20;;;180.0;-1.0249786376953125
39;12400;VEV_5100;176;23;;;;;181;23;;;;;178.5;-2.39398193359375
39;12500;VEV_5100;177;8;176;16;;;181;8;182;16;;;179.0;-2.122894287109375
39;12600;VEV_5100;176;32;;;;;181;32;;;;;178.5;-2.421051025390625
39;12700;VEV_5100;176;30;;;;;181;30;;;;;178.5;-2.7030181884765625
39;12800;VEV_5100;175;36;;;;;180;36;;;;;177.5;-3.3891448974609375
39;12900;VEV_5100;176;12;175;20;;;180;12;181;20;;;178.0;-2.897125244140625
39;13000;VEV_5100;175;24;;;;;180;24;;;;;177.5;-3.61761474609375
39;13100;VEV_5100;176;8;175;15;;;177;3;180;8;181;15;176.5;-3.2101593017578125
39;13200;VEV_5100;177;11;176;17;;;181;11;182;17;;;179.0;-2.148101806640625
39;13300;VEV_5100;177;30;;;;;182;30;;;;;179.5;-1.647003173828125
39;13400;VEV_5100;176;32;;;;;181;32;;;;;178.5;-2.3530731201171875
39;13500;VEV_5100;175;6;174;19;;;179;6;180;19;;;177.0;-3.959747314453125
39;13600;VEV_5100;175;23;;;;;180;23;;;;;177.5;-3.55255126953125
39;13700;VEV_5100;175;10;174;22;;;179;10;180;22;;;177.0;-3.843353271484375
39;13800;VEV_5100;175;24;;;;;180;24;;;;;177.5;-3.345703125
39;13900;VEV_5100;176;30;;;;;181;30;;;;;178.5;-2.62591552734375
39;14000;VEV_5100;176;8;175;22;;;180;8;181;22;;;178.0;-2.9599456787109375
39;14100;VEV_5100;176;36;;;;;181;36;;;;;178.5;-2.60955810546875
39;14200;VEV_5100;176;7;175;12;;;180;7;181;12;;;178.0;-2.8367767333984375
39;14300;VEV_5100;177;7;176;13;;;181;7;182;13;;;179.0;-1.9402008056640625
39;14400;VEV_5100;176;30;;;;;181;30;;;;;178.5;-2.68707275390625
39;14500;VEV_5100;175;28;;;;;180;28;;;;;177.5;-3.558990478515625
39;14600;VEV_5100;174;11;173;14;;;178;11;179;14;;;176.0;-4.8925323486328125
39;14700;VEV_5100;176;10;175;18;;;180;10;181;18;;;178.0;-2.9018707275390625
39;14800;VEV_5100;176;31;;;;;181;31;;;;;178.5;-2.3225860595703125
39;14900;VEV_5100;176;23;;;;;181;23;;;;;178.5;-2.75494384765625
39;15000;VEV_5100;176;9;175;18;;;180;9;181;18;;;178.0;-2.8069000244140625
39;15100;VEV_5100;177;26;;;;;182;26;;;;;179.5;-1.3230133056640625
39;15200;VEV_5100;178;7;177;17;;;182;7;183;17;;;180.0;-0.9969635009765625
39;15300;VEV_5100;178;23;;;;;183;23;;;;;180.5;-0.60760498046875
39;15400;VEV_5100;177;22;;;;;182;6;183;16;;;179.5;-1.2165679931640625
39;15500;VEV_5100;177;26;;;;;182;26;;;;;179.5;-1.3424224853515625
39;15600;VEV_5100;179;20;;;;;184;20;;;;;181.5;0.589508056640625
39;15700;VEV_5100;179;6;178;18;;;183;6;184;18;;;181.0;0.1805419921875
39;15800;VEV_5100;179;6;178;14;;;183;6;184;14;;;181.0;-0.0332183837890625
39;15900;VEV_5100;180;6;179;20;;;184;6;185;20;;;182.0;0.8428802490234375
39;16000;VEV_5100;180;9;179;12;;;184;9;185;12;;;182.0;0.9690704345703125
39;16100;VEV_5100;180;31;;;;;185;31;;;;;182.5;1.4447784423828125
39;16200;VEV_5100;180;12;179;22;;;185;34;;;;;182.5;1.2081756591796875
39;16300;VEV_5100;181;12;180;16;;;185;12;186;16;;;183.0;2.1199798583984375
39;16400;VEV_5100;182;9;181;13;;;186;9;187;13;;;184.0;2.91363525390625
39;16500;VEV_5100;181;8;180;17;;;186;25;;;;;183.5;2.2382354736328125
39;16600;VEV_5100;182;10;181;14;;;186;10;187;14;;;184.0;3.0224456787109375
39;16700;VEV_5100;182;11;181;23;;;186;11;187;23;;;184.0;2.928680419921875
39;16800;VEV_5100;182;10;181;15;;;186;10;187;15;;;184.0;2.951416015625
39;16900;VEV_5100;182;10;181;18;;;187;28;;;;;184.5;3.2811431884765625
39;17000;VEV_5100;182;21;;;;;187;21;;;;;184.5;3.3948974609375
39;17100;VEV_5100;182;24;;;;;187;24;;;;;184.5;3.350250244140625
39;17200;VEV_5100;183;26;;;;;188;26;;;;;185.5;4.3759918212890625
39;17300;VEV_5100;184;9;183;13;;;188;9;189;13;;;186.0;4.9779205322265625
39;17400;VEV_5100;184;26;;;;;189;11;190;15;;;186.5;5.828125
39;17500;VEV_5100;184;27;;;;;189;12;190;15;;;186.5;5.6891021728515625
39;17600;VEV_5100;183;23;;;;;188;10;189;13;;;185.5;4.8401336669921875
39;17700;VEV_5100;182;26;;;;;187;26;;;;;184.5;3.3922271728515625
39;17800;VEV_5100;182;11;181;15;;;187;26;;;;;184.5;3.1924285888671875
39;17900;VEV_5100;182;32;;;;;187;32;;;;;184.5;3.36968994140625
39;18000;VEV_5100;183;31;;;;;188;8;189;23;;;185.5;4.8218231201171875
39;18100;VEV_5100;183;11;182;20;;;188;31;;;;;185.5;4.27679443359375
39;18200;VEV_5100;183;28;;;;;188;28;;;;;185.5;4.410858154296875
39;18300;VEV_5100;183;25;;;;;188;25;;;;;185.5;4.37567138671875
39;18400;VEV_5100;182;7;181;16;;;186;7;187;16;;;184.0;3.0829620361328125
39;18500;VEV_5100;182;28;;;;;187;28;;;;;184.5;3.435272216796875
39;18600;VEV_5100;180;33;;;;;185;33;;;;;182.5;1.3768310546875
39;18700;VEV_5100;180;7;179;23;;;185;30;;;;;182.5;1.275665283203125
39;18800;VEV_5100;179;21;;;;;184;21;;;;;181.5;0.5317230224609375
39;18900;VEV_5100;180;10;179;24;;;184;10;185;24;;;182.0;1.156768798828125
39;19000;VEV_5100;179;10;178;17;;;183;10;184;17;;;181.0;0.066497802734375
39;19100;VEV_5100;180;2;178;25;;;183;25;;;;;181.5;-0.50396728515625
39;19200;VEV_5100;179;12;178;15;;;183;12;184;15;;;181.0;-0.16851806640625
39;19300;VEV_5100;179;12;178;23;;;183;12;184;23;;;181.0;0.134246826171875
39;19400;VEV_5100;178;35;;;;;183;35;;;;;180.5;-0.470977783203125
39;19500;VEV_5100;178;9;177;13;;;182;9;183;13;;;180.0;-0.8367462158203125
39;19600;VEV_5100;178;20;;;;;183;20;;;;;180.5;-0.677032470703125
39;19700;VEV_5100;177;9;176;13;;;181;9;182;13;;;179.0;-2.06939697265625
39;19800;VEV_5100;176;26;;;;;181;26;;;;;178.5;-2.641845703125
39;19900;VEV_5100;178;10;177;15;;;182;10;183;15;;;180.0;-0.8108062744140625
39;20000;VEV_5100;179;10;178;19;;;183;10;184;19;;;181.0;-0.1201324462890625
39;20100;VEV_5100;178;11;177;22;;;182;11;183;22;;;180.0;-1.05731201171875
39;20200;VEV_5100;178;26;;;;;183;26;;;;;180.5;-0.46356201171875
39;20300;VEV_5100;178;10;177;13;;;182;10;183;13;;;180.0;-1.146759033203125
39;20400;VEV_5100;178;30;;;;;183;30;;;;;180.5;-0.405731201171875
39;20500;VEV_5100;178;12;177;19;;;182;12;183;19;;;180.0;-1.129241943359375
39;20600;VEV_5100;177;7;176;15;;;181;7;182;15;;;179.0;-1.828033447265625
39;20700;VEV_5100;178;12;177;19;;;182;12;183;19;;;180.0;-1.1952667236328125
39;20800;VEV_5100;179;11;178;23;;;183;11;184;23;;;181.0;-0.1879730224609375
39;20900;VEV_5100;179;25;;;;;181;5;184;25;;;180.0;0.6922149658203125
39;21000;VEV_5100;179;22;;;;;184;8;185;14;;;181.5;0.7975006103515625
39;21100;VEV_5100;178;30;;;;;183;30;;;;;180.5;-0.6691436767578125
39;21200;VEV_5100;178;30;;;;;183;30;;;;;180.5;-0.2625885009765625
39;21300;VEV_5100;180;12;179;21;;;184;12;185;21;;;182.0;1.0472564697265625
39;21400;VEV_5100;180;8;179;19;;;184;8;185;19;;;182.0;1.1686248779296875
39;21500;VEV_5100;180;32;;;;;185;32;;;;;182.5;1.469207763671875
39;21600;VEV_5100;180;26;;;;;185;9;186;17;;;182.5;1.8120269775390625
39;21700;VEV_5100;180;27;;;;;185;6;186;21;;;182.5;1.763153076171875
39;21800;VEV_5100;181;34;;;;;186;34;;;;;183.5;2.5277099609375
39;21900;VEV_5100;181;23;;;;;186;23;;;;;183.5;2.5074920654296875
39;22000;VEV_5100;180;25;;;;;185;25;;;;;182.5;1.6405029296875
39;22100;VEV_5100;180;10;179;21;;;184;10;185;21;;;182.0;0.88134765625
39;22200;VEV_5100;179;35;;;;;184;35;;;;;181.5;0.443023681640625
39;22300;VEV_5100;179;23;;;;;184;23;;;;;181.5;0.309234619140625
39;22400;VEV_5100;179;6;178;21;;;183;6;184;21;;;181.0;-0.07952880859375
39;22500;VEV_5100;178;22;;;;;183;10;184;12;;;180.5;-0.203125
39;22600;VEV_5100;178;35;;;;;183;35;;;;;180.5;-0.28662109375
39;22700;VEV_5100;178;12;177;22;;;182;12;183;22;;;180.0;-1.0528717041015625
39;22800;VEV_5100;177;22;;;;;182;22;;;;;179.5;-1.5477142333984375
39;22900;VEV_5100;177;19;;;;;182;19;;;;;179.5;-1.4163818359375
39;23000;VEV_5100;176;19;;;;;181;6;182;13;;;178.5;-2.2282257080078125
39;23100;VEV_5100;176;24;;;;;181;24;;;;;178.5;-2.2831878662109375
39;23200;VEV_5100;176;11;175;21;;;180;11;181;21;;;178.0;-2.8282012939453125
39;23300;VEV_5100;174;32;;;;;179;32;;;;;176.5;-4.2662811279296875
39;23400;VEV_5100;173;32;;;;;178;32;;;;;175.5;-5.52178955078125
39;23500;VEV_5100;174;8;173;16;;;176;2;178;8;179;16;175.0;-4.918182373046875
39;23600;VEV_5100;173;7;172;19;;;177;7;178;19;;;175.0;-5.9761199951171875
39;23700;VEV_5100;174;12;173;22;;;178;12;179;22;;;176.0;-4.913055419921875
39;23800;VEV_5100;174;6;173;24;;;178;6;179;24;;;176.0;-5.0779266357421875
39;23900;VEV_5100;175;7;174;20;;;179;7;180;20;;;177.0;-3.9236297607421875
39;24000;VEV_5100;175;7;174;15;;;179;7;180;15;;;177.0;-3.8726043701171875
39;24100;VEV_5100;174;26;;;;;179;26;;;;;176.5;-4.353424072265625
39;24200;VEV_5100;175;8;174;20;;;179;8;180;20;;;177.0;-3.8022003173828125
39;24300;VEV_5100;175;6;174;15;;;179;6;180;15;;;177.0;-3.9822845458984375
39;24400;VEV_5100;176;12;175;21;;;180;12;181;21;;;178.0;-3.0565948486328125
39;24500;VEV_5100;176;8;175;15;;;180;8;181;15;;;178.0;-2.9608917236328125
39;24600;VEV_5100;177;4;175;7;174;12;179;7;180;12;;;178.0;-3.8852386474609375
39;24700;VEV_5100;176;6;175;15;;;180;6;181;15;;;178.0;-3.201171875
39;24800;VEV_5100;176;9;175;19;;;180;9;181;19;;;178.0;-3.1002960205078125
39;24900;VEV_5100;175;21;;;;;180;21;;;;;177.5;-3.230072021484375
39;25000;VEV_5100;175;26;;;;;180;26;;;;;177.5;-3.7054595947265625
39;25100;VEV_5100;176;11;175;14;;;180;11;181;14;;;178.0;-3.1028594970703125
39;25200;VEV_5100;177;11;176;22;;;181;11;182;22;;;179.0;-2.20086669921875
39;25300;VEV_5100;175;30;;;;;180;30;;;;;177.5;-3.57012939453125
39;25400;VEV_5100;176;7;175;12;;;180;7;181;12;;;178.0;-2.83258056640625
39;25500;VEV_5100;176;10;175;24;;;180;10;181;24;;;178.0;-2.8917694091796875
39;25600;VEV_5100;176;33;;;;;181;33;;;;;178.5;-2.481414794921875
39;25700;VEV_5100;176;8;175;14;;;180;8;181;14;;;178.0;-2.9947967529296875
39;25800;VEV_5100;176;11;175;12;;;180;11;181;12;;;178.0;-3.195770263671875
39;25900;VEV_5100;176;31;;;;;181;31;;;;;178.5;-2.507720947265625
39;26000;VEV_5100;177;34;;;;;182;34;;;;;179.5;-1.628936767578125
39;26100;VEV_5100;177;9;176;24;;;181;9;182;24;;;179.0;-1.9374542236328125
39;26200;VEV_5100;175;21;;;;;180;21;;;;;177.5;-3.3470306396484375
39;26300;VEV_5100;175;21;;;;;180;21;;;;;177.5;-3.39093017578125
39;26400;VEV_5100;176;9;175;14;;;180;9;181;14;;;178.0;-2.839324951171875
39;26500;VEV_5100;176;8;175;17;;;180;8;181;17;;;178.0;-2.8209991455078125
39;26600;VEV_5100;176;7;175;12;;;180;7;181;12;;;178.0;-2.7835540771484375
39;26700;VEV_5100;177;8;176;19;;;181;8;182;19;;;179.0;-2.0095367431640625
39;26800;VEV_5100;177;9;176;24;;;181;9;182;24;;;179.0;-1.9735107421875
39;26900;VEV_5100;177;31;;;;;182;31;;;;;179.5;-1.4911041259765625
39;27000;VEV_5100;176;8;175;13;;;180;8;181;13;;;178.0;-2.9447784423828125
39;27100;VEV_5100;176;6;175;17;;;180;6;181;17;;;178.0;-3.182769775390625
39;27200;VEV_5100;174;29;;;;;179;29;;;;;176.5;-4.2711639404296875
39;27300;VEV_5100;175;19;;;;;179;6;180;13;;;177.0;-3.784423828125
39;27400;VEV_5100;174;11;173;21;;;178;11;179;21;;;176.0;-4.886322021484375
39;27500;VEV_5100;175;8;174;21;;;179;8;180;21;;;177.0;-4.07952880859375
39;27600;VEV_5100;175;32;;;;;180;32;;;;;177.5;-3.439666748046875
39;27700;VEV_5100;175;28;;;;;180;28;;;;;177.5;-3.4456787109375
39;27800;VEV_5100;174;31;;;;;179;31;;;;;176.5;-4.51629638671875
39;27900;VEV_5100;174;6;173;13;;;178;6;179;13;;;176.0;-5.07806396484375
39;28000;VEV_5100;173;8;172;18;;;177;8;178;18;;;175.0;-6.0667572021484375
39;28100;VEV_5100;175;19;;;;;180;19;;;;;177.5;-3.563201904296875
39;28200;VEV_5100;176;21;;;;;181;21;;;;;178.5;-2.55438232421875
39;28300;VEV_5100;176;31;;;;;181;31;;;;;178.5;-2.6834564208984375
39;28400;VEV_5100;176;30;;;;;181;30;;;;;178.5;-2.5893402099609375
39;28500;VEV_5100;176;30;;;;;181;30;;;;;178.5;-2.6198272705078125
39;28600;VEV_5100;176;24;;;;;181;24;;;;;178.5;-2.3042449951171875
39;28700;VEV_5100;176;29;;;;;181;29;;;;;178.5;-2.5380096435546875
39;28800;VEV_5100;175;29;;;;;180;29;;;;;177.5;-3.3354644775390625
39;28900;VEV_5100;175;30;;;;;180;30;;;;;177.5;-3.3765869140625
39;29000;VEV_5100;175;8;174;19;;;179;8;180;19;;;177.0;-3.8194732666015625
39;29100;VEV_5100;176;10;175;17;;;180;10;181;17;;;178.0;-3.11834716796875
39;29200;VEV_5100;176;22;;;;;181;22;;;;;178.5;-2.6760406494140625
39;29300;VEV_5100;175;33;;;;;180;33;;;;;177.5;-3.253997802734375
39;29400;VEV_5100;176;7;175;12;;;180;7;181;12;;;178.0;-2.9764251708984375
39;29500;VEV_5100;176;8;175;17;;;178;2;180;8;181;17;177.0;-2.8604278564453125
39;29600;VEV_5100;175;12;174;13;;;179;12;180;13;;;177.0;-4.0687713623046875
39;29700;VEV_5100;175;8;174;19;;;179;8;180;19;;;177.0;-4.1534576416015625
39;29800;VEV_5100;175;10;174;14;;;179;10;180;14;;;177.0;-4.207275390625
39;29900;VEV_5100;175;11;174;12;;;179;11;180;12;;;177.0;-3.8223419189453125
39;30000;VEV_5100;174;9;173;14;;;178;9;179;14;;;176.0;-4.8220977783203125
39;30100;VEV_5100;174;27;;;;;179;27;;;;;176.5;-4.715179443359375
39;30200;VEV_5100;173;19;;;;;178;19;;;;;175.5;-5.5274810791015625
39;30300;VEV_5100;174;4;173;12;172;23;177;35;;;;;175.5;-6.2420654296875
39;30400;VEV_5100;172;31;;;;;177;31;;;;;174.5;-6.52020263671875
39;30500;VEV_5100;173;6;172;15;;;177;6;178;15;;;175.0;-5.8277435302734375
39;30600;VEV_5100;172;9;171;13;;;176;9;177;13;;;174.0;-7.1439208984375
39;30700;VEV_5100;171;6;170;19;;;175;6;176;19;;;173.0;-7.844879150390625
39;30800;VEV_5100;170;8;169;19;;;174;8;175;19;;;172.0;-8.9525146484375
39;30900;VEV_5100;171;6;170;20;;;175;6;176;20;;;173.0;-7.933441162109375
39;31000;VEV_5100;169;29;;;;;174;29;;;;;171.5;-9.486801147460938
39;31100;VEV_5100;169;33;;;;;174;33;;;;;171.5;-9.288650512695312
39;31200;VEV_5100;169;29;;;;;174;29;;;;;171.5;-9.677688598632812
39;31300;VEV_5100;171;9;170;19;;;175;9;176;19;;;173.0;-7.9120025634765625
39;31400;VEV_5100;171;30;;;;;176;30;;;;;173.5;-7.45513916015625
39;31500;VEV_5100;171;26;;;;;176;26;;;;;173.5;-7.296051025390625
39;31600;VEV_5100;172;6;171;16;;;176;6;177;16;;;174.0;-7.107086181640625
39;31700;VEV_5100;173;9;172;18;;;177;9;178;18;;;175.0;-6.17681884765625
39;31800;VEV_5100;173;8;172;22;;;177;30;;;;;175.0;-6.2253875732421875
39;31900;VEV_5100;173;32;;;;;178;32;;;;;175.5;-5.25103759765625
39;32000;VEV_5100;174;28;;;;;179;28;;;;;176.5;-4.5718231201171875
39;32100;VEV_5100;175;11;174;21;;;179;11;180;21;;;177.0;-4.0486297607421875
39;32200;VEV_5100;175;11;174;19;;;179;11;180;19;;;177.0;-3.978668212890625
39;32300;VEV_5100;176;9;175;22;;;180;9;181;22;;;178.0;-2.9365997314453125
39;32400;VEV_5100;176;12;175;12;;;180;12;181;12;;;178.0;-3.0443115234375
39;32500;VEV_5100;176;20;;;;;181;20;;;;;178.5;-2.700592041015625
39;32600;VEV_5100;176;6;175;15;;;180;6;181;15;;;178.0;-2.83489990234375
39;32700;VEV_5100;176;12;175;15;;;180;12;181;15;;;178.0;-2.9197845458984375
39;32800;VEV_5100;176;20;;;;;181;20;;;;;178.5;-2.4647064208984375
39;32900;VEV_5100;176;24;;;;;181;24;;;;;178.5;-2.6033935546875
39;33000;VEV_5100;178;10;177;12;;;182;10;183;12;;;180.0;-0.9326324462890625
39;33100;VEV_5100;178;29;;;;;183;29;;;;;180.5;-0.4155426025390625
39;33200;VEV_5100;177;11;176;24;;;181;11;182;24;;;179.0;-1.9790191650390625
39;33300;VEV_5100;177;29;;;;;182;29;;;;;179.5;-1.264434814453125
39;33400;VEV_5100;178;32;;;;;183;32;;;;;180.5;-0.5250244140625
39;33500;VEV_5100;178;7;177;18;;;182;7;183;18;;;180.0;-1.059326171875
39;33600;VEV_5100;178;12;177;17;;;182;12;183;17;;;180.0;-1.1782073974609375
39;33700;VEV_5100;178;10;177;17;;;182;10;183;17;;;180.0;-0.986602783203125
39;33800;VEV_5100;178;32;;;;;183;32;;;;;180.5;-0.5831756591796875
39;33900;VEV_5100;179;27;;;;;184;27;;;;;181.5;0.4103851318359375
39;34000;VEV_5100;179;22;;;;;184;22;;;;;181.5;0.4159393310546875
39;34100;VEV_5100;180;28;;;;;185;9;186;19;;;182.5;1.7714385986328125
39;34200;VEV_5100;181;29;;;;;186;29;;;;;183.5;2.63848876953125
39;34300;VEV_5100;181;33;;;;;186;33;;;;;183.5;2.4141082763671875
39;34400;VEV_5100;181;8;180;14;;;185;8;186;14;;;183.0;1.9362640380859375
39;34500;VEV_5100;180;33;;;;;185;33;;;;;182.5;1.37713623046875
39;34600;VEV_5100;179;30;;;;;184;12;185;18;;;181.5;0.8038787841796875
39;34700;VEV_5100;179;33;;;;;184;33;;;;;181.5;0.445037841796875
39;34800;VEV_5100;178;6;177;20;;;182;6;183;20;;;180.0;-0.856597900390625
39;34900;VEV_5100;178;9;177;21;;;182;9;183;21;;;180.0;-1.1798553466796875
39;35000;VEV_5100;176;11;175;21;;;180;11;181;21;;;178.0;-2.9381561279296875
39;35100;VEV_5100;176;24;;;;;181;10;182;14;;;178.5;-2.225555419921875
39;35200;VEV_5100;178;2;176;21;;;181;21;;;;;179.5;-2.5291748046875
39;35300;VEV_5100;177;11;176;14;;;182;25;;;;;179.5;-1.7665863037109375
39;35400;VEV_5100;178;33;;;;;183;33;;;;;180.5;-0.5578765869140625
39;35500;VEV_5100;178;31;;;;;183;31;;;;;180.5;-0.6097259521484375
39;35600;VEV_5100;178;31;;;;;183;31;;;;;180.5;-0.5484466552734375
39;35700;VEV_5100;177;7;176;19;;;182;26;;;;;179.5;-1.773468017578125
39;35800;VEV_5100;176;7;175;13;;;180;7;181;13;;;178.0;-2.8681640625
39;35900;VEV_5100;176;22;;;;;181;22;;;;;178.5;-2.3327178955078125
39;36000;VEV_5100;177;12;176;17;;;181;12;182;17;;;179.0;-2.1818695068359375
39;36100;VEV_5100;177;32;;;;;182;32;;;;;179.5;-1.3007049560546875
39;36200;VEV_5100;177;26;;;;;182;26;;;;;179.5;-1.25958251953125
39;36300;VEV_5100;176;21;;;;;181;21;;;;;178.5;-2.6302032470703125
39;36400;VEV_5100;177;25;;;;;182;25;;;;;179.5;-1.26910400390625
39;36500;VEV_5100;177;31;;;;;182;12;183;19;;;179.5;-1.2109527587890625
39;36600;VEV_5100;178;6;177;20;;;182;6;183;20;;;180.0;-0.9424285888671875
39;36700;VEV_5100;177;8;176;14;;;181;8;182;14;;;179.0;-1.9010772705078125
39;36800;VEV_5100;175;28;;;;;180;28;;;;;177.5;-3.658294677734375
39;36900;VEV_5100;175;25;;;;;180;25;;;;;177.5;-3.6959381103515625
39;37000;VEV_5100;174;25;;;;;179;25;;;;;176.5;-4.3364410400390625
39;37100;VEV_5100;176;22;;;;;181;22;;;;;178.5;-2.48101806640625
39;37200;VEV_5100;178;6;177;14;;;183;20;;;;;180.5;-0.7506866455078125
39;37300;VEV_5100;177;8;176;16;;;181;8;182;16;;;179.0;-2.129608154296875
39;37400;VEV_5100;176;7;175;15;;;180;7;181;15;;;178.0;-3.1989898681640625
39;37500;VEV_5100;176;11;175;16;;;180;11;181;16;;;178.0;-2.9893341064453125
39;37600;VEV_5100;175;28;;;;;180;28;;;;;177.5;-3.6914520263671875
39;37700;VEV_5100;177;32;;;;;182;32;;;;;179.5;-1.6580352783203125
39;37800;VEV_5100;176;23;;;;;181;23;;;;;178.5;-2.3570404052734375
39;37900;VEV_5100;176;25;;;;;181;25;;;;;178.5;-2.5643310546875
39;38000;VEV_5100;176;24;;;;;181;24;;;;;178.5;-2.3931732177734375
39;38100;VEV_5100;176;23;;;;;181;23;;;;;178.5;-2.435546875
39;38200;VEV_5100;176;20;;;;;181;20;;;;;178.5;-2.50152587890625
39;38300;VEV_5100;177;6;176;21;;;181;6;182;21;;;179.0;-1.8951568603515625
39;38400;VEV_5100;177;6;176;20;;;181;6;182;20;;;179.0;-2.12213134765625
39;38500;VEV_5100;177;7;176;16;;;181;7;182;16;;;179.0;-2.1664276123046875
39;38600;VEV_5100;176;33;;;;;181;33;;;;;178.5;-2.3231353759765625
39;38700;VEV_5100;177;12;176;17;;;182;29;;;;;179.5;-1.7820281982421875
39;38800;VEV_5100;176;24;;;;;181;24;;;;;178.5;-2.2720184326171875
39;38900;VEV_5100;177;7;176;15;;;181;7;182;15;;;179.0;-2.16644287109375
39;39000;VEV_5100;176;30;;;;;181;30;;;;;178.5;-2.290802001953125
39;39100;VEV_5100;176;31;;;;;181;31;;;;;178.5;-2.290740966796875
39;39200;VEV_5100;175;28;;;;;180;28;;;;;177.5;-3.6395263671875
39;39300;VEV_5100;176;3;174;26;;;178;8;179;18;;;177.0;-4.7948455810546875
39;39400;VEV_5100;175;9;174;18;;;179;9;180;18;;;177.0;-4.1236114501953125
39;39500;VEV_5100;174;26;;;;;179;26;;;;;176.5;-4.7142791748046875
39;39600;VEV_5100;174;11;173;22;;;178;11;179;22;;;176.0;-4.875274658203125
39;39700;VEV_5100;172;6;171;19;;;176;6;177;19;;;174.0;-6.82427978515625
39;39800;VEV_5100;173;5;171;25;;;176;25;;;;;174.5;-7.5146484375
39;39900;VEV_5100;171;12;170;15;;;175;12;176;15;;;173.0;-7.8708648681640625
39;40000;VEV_5100;172;6;171;12;;;176;6;177;12;;;174.0;-7.136260986328125
39;40100;VEV_5100;171;12;170;22;;;175;12;176;22;;;173.0;-7.9743499755859375
39;40200;VEV_5100;170;33;;;;;175;33;;;;;172.5;-8.6221923828125
39;40300;VEV_5100;170;26;;;;;174;10;175;16;;;172.0;-8.844024658203125
39;40400;VEV_5100;169;24;;;;;174;24;;;;;171.5;-9.464813232421875
39;40500;VEV_5100;169;9;168;23;;;173;9;174;23;;;171.0;-10.00640869140625
39;40600;VEV_5100;168;26;;;;;172;8;173;18;;;170.0;-10.86370849609375
39;40700;VEV_5100;166;31;;;;;170;11;171;20;;;168.0;-12.710556030273438
39;40800;VEV_5100;166;30;;;;;171;30;;;;;168.5;-12.561233520507812
39;40900;VEV_5100;165;25;;;;;169;6;170;19;;;167.0;-13.875595092773438
39;41000;VEV_5100;166;12;165;20;;;170;32;;;;;168.0;-13.121444702148438
39;41100;VEV_5100;165;28;;;;;170;28;;;;;167.5;-13.497039794921875
39;41200;VEV_5100;164;29;;;;;169;29;;;;;166.5;-14.46044921875
39;41300;VEV_5100;165;8;164;23;;;169;8;170;23;;;167.0;-14.062103271484375
39;41400;VEV_5100;165;7;164;18;;;169;25;;;;;167.0;-14.13531494140625
39;41500;VEV_5100;163;26;;;;;168;26;;;;;165.5;-15.445999145507812
39;41600;VEV_5100;163;31;;;;;167;11;168;20;;;165.0;-15.904830932617188
39;41700;VEV_5100;163;33;;;;;168;33;;;;;165.5;-15.637405395507812
39;41800;VEV_5100;164;9;163;16;;;168;9;169;16;;;166.0;-14.943206787109375
39;41900;VEV_5100;162;31;;;;;164;2;167;31;;;163.0;-16.401565551757812
39;42000;VEV_5100;162;9;161;20;;;166;29;;;;;164.0;-17.125991821289062
39;42100;VEV_5100;163;27;;;;;167;7;168;20;;;165.0;-15.753433227539062
39;42200;VEV_5100;164;23;;;;;169;23;;;;;166.5;-14.4158935546875
39;42300;VEV_5100;166;6;165;18;;;170;24;;;;;168.0;-13.160064697265625
39;42400;VEV_5100;165;22;;;;;169;10;170;12;;;167.0;-13.676116943359375
39;42500;VEV_5100;165;30;;;;;170;30;;;;;167.5;-13.52374267578125
39;42600;VEV_5100;166;12;165;22;;;170;34;;;;;168.0;-13.21124267578125
39;42700;VEV_5100;165;7;164;22;;;169;29;;;;;167.0;-14.232376098632812
39;42800;VEV_5100;165;12;164;19;;;169;31;;;;;167.0;-14.277023315429688
39;42900;VEV_5100;165;6;164;14;;;167;4;169;6;170;14;166.0;-13.914657592773438
39;43000;VEV_5100;165;7;164;17;;;169;24;;;;;167.0;-14.290740966796875
39;43100;VEV_5100;165;8;164;14;;;169;22;;;;;167.0;-14.226043701171875
39;43200;VEV_5100;165;9;164;13;;;169;22;;;;;167.0;-14.148025512695312
39;43300;VEV_5100;165;6;164;19;;;169;25;;;;;167.0;-14.327804565429688
39;43400;VEV_5100;165;30;;;;;170;30;;;;;167.5;-13.471710205078125
39;43500;VEV_5100;164;10;163;14;;;168;10;169;14;;;166.0;-15.042861938476562
39;43600;VEV_5100;164;35;;;;;169;35;;;;;166.5;-14.55511474609375
39;43700;VEV_5100;163;22;;;;;168;22;;;;;165.5;-15.34979248046875
39;43800;VEV_5100;162;19;;;;;167;19;;;;;164.5;-16.532852172851562
39;43900;VEV_5100;163;7;162;17;;;167;7;168;17;;;165.0;-15.966156005859375
39;44000;VEV_5100;163;33;;;;;168;33;;;;;165.5;-15.479690551757812
39;44100;VEV_5100;165;6;164;17;;;169;23;;;;;167.0;-14.133529663085938
39;44200;VEV_5100;165;18;;;;;170;18;;;;;167.5;-13.386123657226562
39;44300;VEV_5100;166;10;165;22;;;170;32;;;;;168.0;-13.14178466796875
39;44400;VEV_5100;166;27;;;;;171;27;;;;;168.5;-12.53997802734375
39;44500;VEV_5100;167;27;;;;;171;10;172;17;;;169.0;-11.800933837890625
39;44600;VEV_5100;168;31;;;;;172;12;173;19;;;170.0;-10.847793579101562
39;44700;VEV_5100;169;12;168;24;;;173;36;;;;;171.0;-10.278244018554688
39;44800;VEV_5100;169;12;168;17;;;173;12;174;17;;;171.0;-9.89129638671875
39;44900;VEV_5100;169;22;;;;;173;9;174;13;;;171.0;-9.766769409179688
39;45000;VEV_5100;169;30;;;;;174;30;;;;;171.5;-9.58221435546875
39;45100;VEV_5100;169;8;168;14;;;171;5;173;8;174;14;170.0;-9.879653930664062
39;45200;VEV_5100;168;19;;;;;173;19;;;;;170.5;-10.499923706054688
39;45300;VEV_5100;167;27;;;;;171;7;172;20;;;169.0;-11.872207641601562
39;45400;VEV_5100;166;28;;;;;171;28;;;;;168.5;-12.462417602539062
39;45500;VEV_5100;167;30;;;;;172;30;;;;;169.5;-11.480453491210938
39;45600;VEV_5100;167;20;;;;;172;20;;;;;169.5;-11.486541748046875
39;45700;VEV_5100;167;9;166;22;;;171;9;172;22;;;169.0;-12.038421630859375
39;45800;VEV_5100;167;11;166;23;;;171;34;;;;;169.0;-12.287261962890625
39;45900;VEV_5100;167;8;166;16;;;171;8;172;16;;;169.0;-12.02484130859375
39;46000;VEV_5100;167;12;166;17;;;171;29;;;;;169.0;-12.244766235351562
39;46100;VEV_5100;166;25;;;;;171;25;;;;;168.5;-12.6640625
39;46200;VEV_5100;167;10;166;19;;;171;10;172;19;;;169.0;-11.95318603515625
39;46300;VEV_5100;168;12;167;15;;;172;12;173;15;;;170.0;-11.012588500976562
39;46400;VEV_5100;169;11;168;20;;;173;31;;;;;171.0;-10.291549682617188
39;46500;VEV_5100;168;22;;;;;173;22;;;;;170.5;-10.652511596679688
39;46600;VEV_5100;169;10;168;12;;;173;22;;;;;171.0;-10.203323364257812
39;46700;VEV_5100;169;7;168;19;;;173;7;174;19;;;171.0;-10.053024291992188
39;46800;VEV_5100;169;26;;;;;173;10;174;16;;;171.0;-9.842529296875
39;46900;VEV_5100;169;22;;;;;173;6;174;16;;;171.0;-9.728118896484375
39;47000;VEV_5100;169;27;;;;;174;27;;;;;171.5;-9.359634399414062
39;47100;VEV_5100;170;10;169;23;;;174;10;175;23;;;172.0;-9.02593994140625
39;47200;VEV_5100;170;11;169;23;;;174;11;175;23;;;172.0;-8.874893188476562
39;47300;VEV_5100;169;9;168;15;;;173;9;174;15;;;171.0;-9.959884643554688
39;47400;VEV_5100;170;10;169;20;;;174;30;;;;;172.0;-9.251998901367188
39;47500;VEV_5100;170;27;;;;;175;27;;;;;172.5;-8.479110717773438
39;47600;VEV_5100;170;19;;;;;175;19;;;;;172.5;-8.325775146484375
39;47700;VEV_5100;170;12;169;16;;;174;28;;;;;172.0;-9.156692504882812
39;47800;VEV_5100;169;21;;;;;174;21;;;;;171.5;-9.563720703125
39;47900;VEV_5100;169;27;;;;;174;27;;;;;171.5;-9.358352661132812
39;48000;VEV_5100;170;24;;;;;174;9;175;15;;;172.0;-8.727874755859375
39;48100;VEV_5100;169;24;;;;;173;7;174;17;;;171.0;-9.728591918945312
39;48200;VEV_5100;170;29;;;;;175;29;;;;;172.5;-8.545211791992188
39;48300;VEV_5100;170;6;169;17;;;174;6;175;17;;;172.0;-9.078460693359375
39;48400;VEV_5100;169;23;;;;;174;23;;;;;171.5;-9.329437255859375
39;48500;VEV_5100;170;24;;;;;174;12;175;12;;;172.0;-8.83160400390625
39;48600;VEV_5100;170;25;;;;;174;6;175;19;;;172.0;-8.822341918945312
39;48700;VEV_5100;170;12;169;17;;;174;12;175;17;;;172.0;-8.95013427734375
39;48800;VEV_5100;169;35;;;;;174;35;;;;;171.5;-9.477996826171875
39;48900;VEV_5100;169;31;;;;;173;11;174;20;;;171.0;-9.835891723632812
39;49000;VEV_5100;169;9;168;13;;;173;22;;;;;171.0;-10.19427490234375
39;49100;VEV_5100;169;22;;;;;174;22;;;;;171.5;-9.495315551757812
39;49200;VEV_5100;169;10;168;22;;;173;10;174;22;;;171.0;-10.028701782226562
39;49300;VEV_5100;169;25;;;;;174;25;;;;;171.5;-9.386245727539062
39;49400;VEV_5100;170;31;;;;;175;31;;;;;172.5;-8.36614990234375
39;49500;VEV_5100;170;7;169;24;;;174;31;;;;;172.0;-9.279296875
39;49600;VEV_5100;169;27;;;;;174;27;;;;;171.5;-9.648910522460938
39;49700;VEV_5100;170;12;169;15;;;174;12;175;15;;;172.0;-9.021484375
39;49800;VEV_5100;170;12;169;17;;;174;29;;;;;172.0;-9.193679809570312
39;49900;VEV_5100;171;12;170;16;;;175;12;176;16;;;173.0;-7.9073028564453125
39;50000;VEV_5100;171;8;170;19;;;175;8;176;19;;;173.0;-7.8918304443359375
39;50100;VEV_5100;171;25;;;;;176;25;;;;;173.5;-7.5352783203125
39;50200;VEV_5100;170;9;169;15;;;174;9;175;15;;;172.0;-8.85943603515625
39;50300;VEV_5100;170;11;169;21;;;174;11;175;21;;;172.0;-9.094039916992188
39;50400;VEV_5100;171;10;170;13;;;175;10;176;13;;;173.0;-8.072677612304688
39;50500;VEV_5100;170;25;;;;;175;25;;;;;172.5;-8.497756958007812
39;50600;VEV_5100;172;6;171;21;;;176;27;;;;;174.0;-7.1789093017578125
39;50700;VEV_5100;172;12;171;14;;;176;12;177;14;;;174.0;-6.9170989990234375
39;50800;VEV_5100;174;11;173;17;;;178;11;179;17;;;176.0;-4.927642822265625
39;50900;VEV_5100;175;11;174;13;;;179;11;180;13;;;177.0;-3.8658599853515625
39;51000;VEV_5100;174;10;173;15;;;178;10;179;15;;;176.0;-4.846160888671875
39;51100;VEV_5100;174;6;173;23;;;178;6;179;23;;;176.0;-4.97119140625
39;51200;VEV_5100;173;24;;;;;178;24;;;;;175.5;-5.7455902099609375
39;51300;VEV_5100;174;25;;;;;179;25;;;;;176.5;-4.4511871337890625
39;51400;VEV_5100;174;27;;;;;179;27;;;;;176.5;-4.6558074951171875
39;51500;VEV_5100;173;10;172;13;;;177;10;178;13;;;175.0;-5.8123779296875
39;51600;VEV_5100;174;23;;;;;179;23;;;;;176.5;-4.713714599609375
39;51700;VEV_5100;173;8;172;18;;;177;26;;;;;175.0;-6.229217529296875
39;51800;VEV_5100;173;6;172;13;;;177;6;178;13;;;175.0;-6.139129638671875
39;51900;VEV_5100;172;11;171;17;;;176;11;177;17;;;174.0;-6.942169189453125
39;52000;VEV_5100;172;9;171;18;;;176;9;177;18;;;174.0;-7.0771942138671875
39;52100;VEV_5100;172;27;;;;;177;27;;;;;174.5;-6.306976318359375
39;52200;VEV_5100;172;29;;;;;176;12;177;17;;;174.0;-6.815338134765625
39;52300;VEV_5100;172;36;;;;;177;36;;;;;174.5;-6.3881683349609375
39;52400;VEV_5100;172;32;;;;;177;32;;;;;174.5;-6.6427001953125
39;52500;VEV_5100;171;29;;;;;175;8;176;21;;;173.0;-7.8146209716796875
39;52600;VEV_5100;171;7;170;16;;;175;23;;;;;173.0;-8.197784423828125
39;52700;VEV_5100;170;22;;;;;175;22;;;;;172.5;-8.673080444335938
39;52800;VEV_5100;170;26;;;;;175;26;;;;;172.5;-8.6885986328125
39;52900;VEV_5100;170;25;;;;;172;5;175;25;;;171.0;-8.658538818359375
39;53000;VEV_5100;170;11;169;14;;;174;25;;;;;172.0;-9.25262451171875
39;53100;VEV_5100;171;8;170;13;;;175;8;176;13;;;173.0;-7.88372802734375
39;53200;VEV_5100;172;10;171;21;;;176;31;;;;;174.0;-7.20379638671875
39;53300;VEV_5100;172;19;;;;;176;6;177;13;;;174.0;-6.7481842041015625
39;53400;VEV_5100;172;9;171;19;;;176;9;177;19;;;174.0;-7.0033721923828125
39;53500;VEV_5100;171;21;;;;;176;21;;;;;173.5;-7.632049560546875
39;53600;VEV_5100;170;21;;;;;175;21;;;;;172.5;-8.482742309570312
39;53700;VEV_5100;170;7;169;20;;;174;7;175;20;;;172.0;-9.116302490234375
39;53800;VEV_5100;170;9;169;12;;;174;21;;;;;172.0;-9.176101684570312
39;53900;VEV_5100;169;29;;;;;173;9;174;20;;;171.0;-9.799331665039062
39;54000;VEV_5100;168;11;167;17;;;172;28;;;;;170.0;-11.125473022460938
39;54100;VEV_5100;169;23;;;;;174;23;;;;;171.5;-9.52081298828125
39;54200;VEV_5100;170;24;;;;;175;24;;;;;172.5;-8.436279296875
39;54300;VEV_5100;170;9;169;19;;;174;9;175;19;;;172.0;-8.998291015625
39;54400;VEV_5100;170;12;169;12;;;174;12;175;12;;;172.0;-8.896835327148438
39;54500;VEV_5100;171;18;;;;;175;6;176;12;;;173.0;-7.810943603515625
39;54600;VEV_5100;171;7;170;23;;;175;7;176;23;;;173.0;-7.8653106689453125
39;54700;VEV_5100;169;21;;;;;174;21;;;;;171.5;-9.338577270507812
39;54800;VEV_5100;169;24;;;;;174;24;;;;;171.5;-9.378982543945312
39;54900;VEV_5100;168;32;;;;;173;32;;;;;170.5;-10.47442626953125
39;55000;VEV_5100;169;12;168;16;;;173;28;;;;;171.0;-10.216476440429688
39;55100;VEV_5100;169;27;;;;;174;27;;;;;171.5;-9.412338256835938
39;55200;VEV_5100;168;24;;;;;173;24;;;;;170.5;-10.684661865234375
39;55300;VEV_5100;167;7;166;18;;;171;7;172;18;;;169.0;-11.902694702148438
39;55400;VEV_5100;167;32;;;;;172;32;;;;;169.5;-11.35040283203125
39;55500;VEV_5100;167;24;;;;;172;24;;;;;169.5;-11.39678955078125
39;55600;VEV_5100;167;6;166;12;;;171;6;172;12;;;169.0;-11.89422607421875
39;55700;VEV_5100;168;7;167;21;;;172;28;;;;;170.0;-11.281768798828125
39;55800;VEV_5100;167;12;166;19;;;171;31;;;;;169.0;-12.22149658203125
39;55900;VEV_5100;166;28;;;;;171;28;;;;;168.5;-12.321151733398438
39;56000;VEV_5100;165;29;;;;;170;29;;;;;167.5;-13.46173095703125
39;56100;VEV_5100;166;35;;;;;170;12;171;23;;;168.0;-12.743377685546875
39;56200;VEV_5100;165;9;164;17;;;169;9;170;17;;;167.0;-14.05633544921875
39;56300;VEV_5100;163;33;;;;;168;33;;;;;165.5;-15.417694091796875
39;56400;VEV_5100;164;12;163;19;;;168;31;;;;;166.0;-15.31219482421875
39;56500;VEV_5100;164;32;;;;;168;9;169;23;;;166.0;-14.804397583007812
39;56600;VEV_5100;164;9;163;21;;;168;30;;;;;166.0;-15.110610961914062
39;56700;VEV_5100;163;21;;;;;167;6;168;15;;;165.0;-15.7830810546875
39;56800;VEV_5100;164;11;163;16;;;168;27;;;;;166.0;-15.10107421875
39;56900;VEV_5100;164;30;;;;;169;30;;;;;166.5;-14.504470825195312
39;57000;VEV_5100;163;36;;;;;167;12;168;24;;;165.0;-15.748214721679688
39;57100;VEV_5100;162;9;161;15;;;166;9;167;15;;;164.0;-16.995773315429688
39;57200;VEV_5100;162;12;161;17;;;166;12;167;17;;;164.0;-16.978607177734375
39;57300;VEV_5100;161;31;;;;;165;9;166;22;;;163.0;-17.768417358398438
39;57400;VEV_5100;161;31;;;;;165;12;166;19;;;163.0;-17.883651733398438
39;57500;VEV_5100;161;22;;;;;166;22;;;;;163.5;-17.456573486328125
39;57600;VEV_5100;161;10;160;23;;;165;10;166;23;;;163.0;-17.966354370117188
39;57700;VEV_5100;161;22;;;;;165;9;166;13;;;163.0;-17.822647094726562
39;57800;VEV_5100;161;31;;;;;165;11;166;20;;;163.0;-17.830978393554688
39;57900;VEV_5100;161;27;;;;;165;8;166;19;;;163.0;-17.939010620117188
39;58000;VEV_5100;160;29;;;;;165;29;;;;;162.5;-18.560546875
39;58100;VEV_5100;161;23;;;;;165;6;166;17;;;163.0;-17.726852416992188
39;58200;VEV_5100;162;27;;;;;167;27;;;;;164.5;-16.6397705078125
39;58300;VEV_5100;161;31;;;;;165;12;166;19;;;163.0;-17.852142333984375
39;58400;VEV_5100;160;23;;;;;164;8;165;15;;;162.0;-18.944915771484375
39;58500;VEV_5100;160;6;159;23;;;164;6;165;23;;;162.0;-18.976760864257812
39;58600;VEV_5100;160;27;;;;;164;6;165;21;;;162.0;-18.95587158203125
39;58700;VEV_5100;158;24;;;;;163;24;;;;;160.5;-20.425018310546875
39;58800;VEV_5100;157;7;156;22;;;161;29;;;;;159.0;-22.185562133789062
39;58900;VEV_5100;156;34;;;;;160;10;161;24;;;158.0;-22.800735473632812
39;59000;VEV_5100;156;28;;;;;161;28;;;;;158.5;-22.421051025390625
39;59100;VEV_5100;156;11;155;13;;;160;24;;;;;158.0;-23.056610107421875
39;59200;VEV_5100;155;28;;;;;159;6;160;22;;;157.0;-23.86865234375
39;59300;VEV_5100;156;31;;;;;161;31;;;;;158.5;-22.513092041015625
39;59400;VEV_5100;156;21;;;;;160;8;161;13;;;158.0;-22.855941772460938
39;59500;VEV_5100;155;19;;;;;159;7;160;12;;;157.0;-23.647293090820312
39;59600;VEV_5100;155;25;;;;;159;9;160;16;;;157.0;-23.950592041015625
39;59700;VEV_5100;155;23;;;;;159;6;160;17;;;157.0;-23.944778442382812
39;59800;VEV_5100;156;31;;;;;160;7;161;24;;;158.0;-22.936553955078125
39;59900;VEV_5100;155;28;;;;;160;28;;;;;157.5;-23.494537353515625
39;60000;VEV_5100;157;12;156;22;;;161;34;;;;;159.0;-22.228347778320312
39;60100;VEV_5100;156;35;;;;;160;12;161;23;;;158.0;-22.693923950195312
39;60200;VEV_5100;156;28;;;;;160;8;161;20;;;158.0;-22.669967651367188
39;60300;VEV_5100;156;6;155;12;;;160;18;;;;;158.0;-23.07452392578125
39;60400;VEV_5100;157;28;;;;;161;10;162;18;;;159.0;-21.652206420898438
39;60500;VEV_5100;157;18;;;;;162;18;;;;;159.5;-21.5325927734375
39;60600;VEV_5100;158;20;;;;;163;20;;;;;160.5;-20.433395385742188
39;60700;VEV_5100;158;34;;;;;163;34;;;;;160.5;-20.537734985351562
39;60800;VEV_5100;159;29;;;;;164;29;;;;;161.5;-19.563674926757812
39;60900;VEV_5100;159;27;;;;;163;10;164;17;;;161.0;-19.8453369140625
39;61000;VEV_5100;159;21;;;;;163;7;164;14;;;161.0;-19.762939453125
39;61100;VEV_5100;160;25;;;;;164;12;165;13;;;162.0;-18.701522827148438
39;61200;VEV_5100;161;25;;;;;165;6;166;19;;;163.0;-17.80340576171875
39;61300;VEV_5100;161;28;;;;;165;7;166;21;;;163.0;-17.87579345703125
39;61400;VEV_5100;162;3;161;10;160;12;165;10;166;12;;;163.5;-18.032379150390625
39;61500;VEV_5100;160;31;;;;;165;31;;;;;162.5;-18.540176391601562
39;61600;VEV_5100;160;29;;;;;164;7;165;22;;;162.0;-18.783233642578125
39;61700;VEV_5100;161;31;;;;;165;9;166;22;;;163.0;-17.78240966796875
39;61800;VEV_5100;161;31;;;;;166;31;;;;;163.5;-17.541748046875
39;61900;VEV_5100;162;27;;;;;166;8;167;19;;;164.0;-16.900650024414062
39;62000;VEV_5100;161;22;;;;;165;10;166;12;;;163.0;-17.651702880859375
39;62100;VEV_5100;161;6;160;19;;;165;25;;;;;163.0;-18.292190551757812
39;62200;VEV_5100;161;12;160;18;;;165;12;166;18;;;163.0;-17.9788818359375
39;62300;VEV_5100;161;12;160;24;;;165;36;;;;;163.0;-18.352157592773438
39;62400;VEV_5100;160;24;;;;;165;24;;;;;162.5;-18.4891357421875
39;62500;VEV_5100;161;8;160;24;;;165;32;;;;;163.0;-18.1434326171875
39;62600;VEV_5100;161;28;;;;;166;28;;;;;163.5;-17.5704345703125
39;62700;VEV_5100;162;25;;;;;166;10;167;15;;;164.0;-16.892318725585938
39;62800;VEV_5100;162;7;161;14;;;166;21;;;;;164.0;-17.318023681640625
39;62900;VEV_5100;162;11;161;19;;;166;30;;;;;164.0;-17.227371215820312
39;63000;VEV_5100;162;8;161;13;;;166;21;;;;;164.0;-17.337982177734375
39;63100;VEV_5100;161;27;;;;;166;27;;;;;163.5;-17.370361328125
39;63200;VEV_5100;164;6;163;17;;;168;23;;;;;166.0;-15.168548583984375
39;63300;VEV_5100;163;34;;;;;168;34;;;;;165.5;-15.5858154296875
39;63400;VEV_5100;164;29;;;;;169;29;;;;;166.5;-14.428268432617188
39;63500;VEV_5100;164;29;;;;;169;29;;;;;166.5;-14.568313598632812
39;63600;VEV_5100;164;27;;;;;169;27;;;;;166.5;-14.596176147460938
39;63700;VEV_5100;163;30;;;;;167;6;168;24;;;165.0;-15.819168090820312
39;63800;VEV_5100;164;8;163;14;;;168;22;;;;;166.0;-15.287918090820312
39;63900;VEV_5100;163;11;162;18;;;167;29;;;;;165.0;-16.111663818359375
39;64000;VEV_5100;164;23;;;;;168;7;169;16;;;166.0;-14.910247802734375
39;64100;VEV_5100;164;11;163;18;;;168;11;169;18;;;166.0;-14.998779296875
39;64200;VEV_5100;165;9;164;12;;;169;21;;;;;167.0;-14.22210693359375
39;64300;VEV_5100;164;20;;;;;168;8;169;12;;;166.0;-14.886749267578125
39;64400;VEV_5100;165;25;;;;;170;25;;;;;167.5;-13.619140625
39;64500;VEV_5100;165;21;;;;;169;8;170;13;;;167.0;-13.850357055664062
39;64600;VEV_5100;166;10;165;14;;;170;24;;;;;168.0;-13.22076416015625
39;64700;VEV_5100;164;27;;;;;169;27;;;;;166.5;-14.638137817382812
39;64800;VEV_5100;164;11;163;13;;;168;24;;;;;166.0;-15.2745361328125
39;64900;VEV_5100;163;27;;;;;168;27;;;;;165.5;-15.614608764648438
39;65000;VEV_5100;162;35;;;;;166;11;167;24;;;164.0;-16.853652954101562
39;65100;VEV_5100;163;11;162;23;;;167;11;168;23;;;165.0;-15.995773315429688
39;65200;VEV_5100;163;6;162;21;;;167;6;168;21;;;165.0;-15.9696044921875
39;65300;VEV_5100;165;5;164;11;163;22;168;33;;;;;166.5;-15.319717407226562
39;65400;VEV_5100;163;32;;;;;168;32;;;;;165.5;-15.579620361328125
39;65500;VEV_5100;164;7;163;21;;;168;7;169;21;;;166.0;-15.063064575195312
39;65600;VEV_5100;165;8;164;12;;;169;8;170;12;;;167.0;-14.032989501953125
39;65700;VEV_5100;165;35;;;;;169;12;170;23;;;167.0;-13.7752685546875
39;65800;VEV_5100;164;28;;;;;169;28;;;;;166.5;-14.455169677734375
39;65900;VEV_5100;164;24;;;;;169;24;;;;;166.5;-14.466567993164062
39;66000;VEV_5100;163;30;;;;;168;30;;;;;165.5;-15.506683349609375
39;66100;VEV_5100;164;23;;;;;169;23;;;;;166.5;-14.346298217773438
39;66200;VEV_5100;164;26;;;;;169;26;;;;;166.5;-14.58642578125
39;66300;VEV_5100;164;12;163;21;;;168;12;169;21;;;166.0;-14.935104370117188
39;66400;VEV_5100;163;6;162;22;;;167;6;168;22;;;165.0;-15.967575073242188
39;66500;VEV_5100;163;26;;;;;168;26;;;;;165.5;-15.56829833984375
39;66600;VEV_5100;165;8;164;19;;;169;8;170;19;;;167.0;-14.0465087890625
39;66700;VEV_5100;166;27;;;;;170;10;171;17;;;168.0;-12.712432861328125
39;66800;VEV_5100;166;29;;;;;171;29;;;;;168.5;-12.34979248046875
39;66900;VEV_5100;166;31;;;;;170;12;171;19;;;168.0;-12.732955932617188
39;67000;VEV_5100;166;24;;;;;171;24;;;;;168.5;-12.3916015625
39;67100;VEV_5100;167;32;;;;;172;32;;;;;169.5;-11.580780029296875
39;67200;VEV_5100;167;29;;;;;172;29;;;;;169.5;-11.426483154296875
39;67300;VEV_5100;167;27;;;;;171;10;172;17;;;169.0;-11.766464233398438
39;67400;VEV_5100;168;12;167;23;;;172;12;173;23;;;170.0;-10.97113037109375
39;67500;VEV_5100;168;32;;;;;173;32;;;;;170.5;-10.327011108398438
39;67600;VEV_5100;170;9;169;12;;;174;9;175;12;;;172.0;-8.881820678710938
39;67700;VEV_5100;170;32;;;;;175;32;;;;;172.5;-8.3807373046875
39;67800;VEV_5100;170;8;169;24;;;174;8;175;24;;;172.0;-8.896347045898438
39;67900;VEV_5100;170;8;169;24;;;174;8;175;24;;;172.0;-8.947967529296875
39;68000;VEV_5100;170;24;;;;;175;24;;;;;172.5;-8.502548217773438
39;68100;VEV_5100;170;22;;;;;174;8;175;14;;;172.0;-8.83099365234375
39;68200;VEV_5100;170;11;169;21;;;174;32;;;;;172.0;-9.273818969726562
39;68300;VEV_5100;169;28;;;;;174;28;;;;;171.5;-9.605270385742188
39;68400;VEV_5100;169;12;168;23;;;173;35;;;;;171.0;-10.290817260742188
39;68500;VEV_5100;168;7;167;15;;;172;7;173;15;;;170.0;-10.98724365234375
39;68600;VEV_5100;167;26;;;;;171;8;172;18;;;169.0;-11.780654907226562
39;68700;VEV_5100;167;7;166;20;;;171;27;;;;;169.0;-12.211807250976562
39;68800;VEV_5100;165;29;;;;;170;29;;;;;167.5;-13.40185546875
39;68900;VEV_5100;165;33;;;;;169;12;170;21;;;167.0;-13.8624267578125
39;69000;VEV_5100;166;24;;;;;171;24;;;;;168.5;-12.55743408203125
39;69100;VEV_5100;166;9;165;24;;;170;9;171;24;;;168.0;-13.011886596679688
39;69200;VEV_5100;165;24;;;;;170;24;;;;;167.5;-13.64801025390625
39;69300;VEV_5100;166;28;;;;;170;10;171;18;;;168.0;-12.8963623046875
39;69400;VEV_5100;165;9;164;20;;;169;9;170;20;;;167.0;-13.95989990234375
39;69500;VEV_5100;167;9;166;20;;;171;29;;;;;169.0;-12.230087280273438
39;69600;VEV_5100;169;8;168;17;;;173;25;;;;;171.0;-10.216384887695312
39;69700;VEV_5100;168;6;167;15;;;172;21;;;;;170.0;-11.166030883789062
39;69800;VEV_5100;168;8;167;24;;;172;8;173;24;;;170.0;-11.050140380859375
39;69900;VEV_5100;169;8;168;19;;;173;27;;;;;171.0;-10.234451293945312
39;70000;VEV_5100;169;10;168;21;;;173;10;174;21;;;171.0;-10.010940551757812
39;70100;VEV_5100;168;11;167;16;;;172;27;;;;;170.0;-11.153244018554688
39;70200;VEV_5100;167;27;;;;;172;27;;;;;169.5;-11.335739135742188
39;70300;VEV_5100;168;30;;;;;173;30;;;;;170.5;-10.361038208007812
39;70400;VEV_5100;169;8;168;12;;;173;8;174;12;;;171.0;-10.09234619140625
39;70500;VEV_5100;169;8;168;12;;;173;8;174;12;;;171.0;-9.957656860351562
39;70600;VEV_5100;167;34;;;;;172;34;;;;;169.5;-11.434234619140625
39;70700;VEV_5100;168;10;167;23;;;172;10;173;23;;;170.0;-11.065719604492188
39;70800;VEV_5100;167;29;;;;;172;29;;;;;169.5;-11.52362060546875
39;70900;VEV_5100;167;25;;;;;172;25;;;;;169.5;-11.62408447265625
39;71000;VEV_5100;166;24;;;;;170;6;171;18;;;168.0;-12.704193115234375
39;71100;VEV_5100;166;21;;;;;171;21;;;;;168.5;-12.582199096679688
39;71200;VEV_5100;166;7;165;12;;;170;19;;;;;168.0;-13.230438232421875
39;71300;VEV_5100;166;8;165;15;;;170;8;171;15;;;168.0;-13.029983520507812
39;71400;VEV_5100;164;8;163;12;;;168;8;169;12;;;166.0;-14.980880737304688
39;71500;VEV_5100;164;11;163;21;;;168;11;169;21;;;166.0;-15.005706787109375
39;71600;VEV_5100;164;31;;;;;168;8;169;23;;;166.0;-14.70068359375
39;71700;VEV_5100;164;26;;;;;169;26;;;;;166.5;-14.613906860351562
39;71800;VEV_5100;166;10;165;20;;;170;10;171;20;;;168.0;-13.000473022460938
39;71900;VEV_5100;165;6;164;24;;;169;30;;;;;167.0;-14.1644287109375
39;72000;VEV_5100;166;25;;;;;171;25;;;;;168.5;-12.558883666992188
39;72100;VEV_5100;167;32;;;;;171;8;172;24;;;169.0;-11.8428955078125
39;72200;VEV_5100;168;36;;;;;173;36;;;;;170.5;-10.61474609375
39;72300;VEV_5100;168;23;;;;;173;23;;;;;170.5;-10.692581176757812
39;72400;VEV_5100;168;32;;;;;173;32;;;;;170.5;-10.6153564453125
39;72500;VEV_5100;169;29;;;;;174;29;;;;;171.5;-9.689361572265625
39;72600;VEV_5100;170;12;169;22;;;174;12;175;22;;;172.0;-9.120147705078125
39;72700;VEV_5100;169;26;;;;;174;26;;;;;171.5;-9.326675415039062
39;72800;VEV_5100;170;10;169;13;;;174;23;;;;;172.0;-9.242935180664062
39;72900;VEV_5100;169;7;168;13;;;173;7;174;13;;;171.0;-10.062057495117188
39;73000;VEV_5100;168;23;;;;;173;23;;;;;170.5;-10.355758666992188
39;73100;VEV_5100;169;25;;;;;174;25;;;;;171.5;-9.346954345703125
39;73200;VEV_5100;168;26;;;;;172;10;173;16;;;170.0;-10.729644775390625
39;73300;VEV_5100;167;25;;;;;172;25;;;;;169.5;-11.390701293945312
39;73400;VEV_5100;167;21;;;;;171;7;172;14;;;169.0;-11.830108642578125
39;73500;VEV_5100;166;22;;;;;171;22;;;;;168.5;-12.387008666992188
39;73600;VEV_5100;167;7;166;23;;;171;7;172;23;;;169.0;-11.895523071289062
39;73700;VEV_5100;168;10;167;24;;;172;34;;;;;170.0;-11.15777587890625
39;73800;VEV_5100;167;21;;;;;172;21;;;;;169.5;-11.545928955078125
39;73900;VEV_5100;168;25;;;;;172;10;173;15;;;170.0;-10.716766357421875
39;74000;VEV_5100;167;9;166;14;;;171;9;172;14;;;169.0;-12.060165405273438
39;74100;VEV_5100;167;30;;;;;172;30;;;;;169.5;-11.493698120117188
39;74200;VEV_5100;167;29;;;;;172;29;;;;;169.5;-11.42938232421875
39;74300;VEV_5100;168;29;;;;;172;6;173;23;;;170.0;-10.77197265625
39;74400;VEV_5100;168;8;167;20;;;172;8;173;20;;;170.0;-11.025482177734375
39;74500;VEV_5100;167;29;;;;;172;29;;;;;169.5;-11.413131713867188
39;74600;VEV_5100;167;18;;;;;172;18;;;;;169.5;-11.434494018554688
39;74700;VEV_5100;167;22;;;;;172;22;;;;;169.5;-11.615280151367188
39;74800;VEV_5100;167;6;166;21;;;171;6;172;21;;;169.0;-12.088302612304688
39;74900;VEV_5100;167;23;;;;;171;6;172;17;;;169.0;-11.807083129882812
39;75000;VEV_5100;167;31;;;;;172;31;;;;;169.5;-11.458740234375
39;75100;VEV_5100;166;35;;;;;171;35;;;;;168.5;-12.6328125
39;75200;VEV_5100;167;9;166;19;;;168;4;171;28;;;167.5;-12.117523193359375
39;75300;VEV_5100;166;9;165;16;;;170;9;171;16;;;168.0;-13.071151733398438
39;75400;VEV_5100;168;7;167;18;;;172;25;;;;;170.0;-11.262252807617188
39;75500;VEV_5100;167;25;;;;;172;25;;;;;169.5;-11.42071533203125
39;75600;VEV_5100;167;29;;;;;172;29;;;;;169.5;-11.413955688476562
39;75700;VEV_5100;167;9;166;16;;;171;25;;;;;169.0;-12.237030029296875
39;75800;VEV_5100;167;7;166;14;;;171;21;;;;;169.0;-12.151901245117188
39;75900;VEV_5100;166;26;;;;;171;26;;;;;168.5;-12.611236572265625
39;76000;VEV_5100;167;27;;;;;171;11;172;16;;;169.0;-11.697601318359375
39;76100;VEV_5100;167;36;;;;;171;12;172;24;;;169.0;-11.729568481445312
39;76200;VEV_5100;165;29;;;;;169;8;170;21;;;167.0;-13.683792114257812
39;76300;VEV_5100;166;20;;;;;171;20;;;;;168.5;-12.527877807617188
39;76400;VEV_5100;166;24;;;;;171;24;;;;;168.5;-12.452346801757812
39;76500;VEV_5100;166;24;;;;;171;24;;;;;168.5;-12.35260009765625
39;76600;VEV_5100;166;27;;;;;171;27;;;;;168.5;-12.395111083984375
39;76700;VEV_5100;166;25;;;;;171;25;;;;;168.5;-12.407577514648438
39;76800;VEV_5100;165;32;;;;;170;32;;;;;167.5;-13.3233642578125
39;76900;VEV_5100;165;29;;;;;169;9;170;20;;;167.0;-13.88287353515625
39;77000;VEV_5100;165;22;;;;;169;10;170;12;;;167.0;-13.90521240234375
39;77100;VEV_5100;164;35;;;;;169;35;;;;;166.5;-14.612045288085938
39;77200;VEV_5100;164;31;;;;;168;11;169;20;;;166.0;-14.7269287109375
39;77300;VEV_5100;163;25;;;;;168;25;;;;;165.5;-15.424697875976562
39;77400;VEV_5100;164;6;163;19;;;168;25;;;;;166.0;-15.311141967773438
39;77500;VEV_5100;165;12;164;20;;;169;12;170;20;;;167.0;-13.946685791015625
39;77600;VEV_5100;165;31;;;;;169;10;170;21;;;167.0;-13.782821655273438
39;77700;VEV_5100;165;9;164;21;;;169;9;170;21;;;167.0;-14.00885009765625
39;77800;VEV_5100;166;20;;;;;170;8;171;12;;;168.0;-12.867202758789062
39;77900;VEV_5100;167;8;166;13;;;171;8;172;13;;;169.0;-12.091094970703125
39;78000;VEV_5100;165;31;;;;;170;31;;;;;167.5;-13.569656372070312
39;78100;VEV_5100;167;24;;;;;172;24;;;;;169.5;-11.39410400390625
39;78200;VEV_5100;167;32;;;;;171;8;172;24;;;169.0;-11.848358154296875
39;78300;VEV_5100;166;12;165;16;;;170;12;171;16;;;168.0;-12.965011596679688
39;78400;VEV_5100;166;12;165;15;;;170;12;171;15;;;168.0;-12.90020751953125
39;78500;VEV_5100;166;6;165;16;;;170;22;;;;;168.0;-13.237442016601562
39;78600;VEV_5100;165;35;;;;;169;12;170;23;;;167.0;-13.737594604492188
39;78700;VEV_5100;165;21;;;;;170;21;;;;;167.5;-13.542694091796875
39;78800;VEV_5100;168;4;166;29;;;171;29;;;;;169.5;-12.513824462890625
39;78900;VEV_5100;167;24;;;;;172;24;;;;;169.5;-11.553146362304688
39;79000;VEV_5100;167;32;;;;;172;32;;;;;169.5;-11.553375244140625
39;79100;VEV_5100;167;27;;;;;171;7;172;20;;;169.0;-11.727462768554688
39;79200;VEV_5100;167;30;;;;;172;30;;;;;169.5;-11.485687255859375
39;79300;VEV_5100;169;11;168;13;;;170;5;173;24;;;169.5;-10.168533325195312
39;79400;VEV_5100;169;12;168;17;;;173;29;;;;;171.0;-10.201324462890625
39;79500;VEV_5100;168;21;;;;;172;7;173;14;;;170.0;-10.804397583007812
39;79600;VEV_5100;169;32;;;;;173;11;174;21;;;171.0;-9.713836669921875
39;79700;VEV_5100;168;12;167;20;;;172;32;;;;;170.0;-11.173233032226562
39;79800;VEV_5100;168;27;;;;;173;27;;;;;170.5;-10.653167724609375
39;79900;VEV_5100;169;11;168;12;;;173;23;;;;;171.0;-10.227081298828125
39;80000;VEV_5100;170;22;;;;;175;22;;;;;172.5;-8.595077514648438
39;80100;VEV_5100;172;27;;;;;176;8;177;19;;;174.0;-6.81170654296875
39;80200;VEV_5100;171;31;;;;;176;31;;;;;173.5;-7.5644989013671875
39;80300;VEV_5100;171;23;;;;;176;23;;;;;173.5;-7.5535125732421875
39;80400;VEV_5100;173;7;172;12;;;177;19;;;;;175.0;-6.19940185546875
39;80500;VEV_5100;173;11;172;12;;;177;11;178;12;;;175.0;-5.8198699951171875
39;80600;VEV_5100;173;9;172;24;;;177;9;178;24;;;175.0;-5.9788818359375
39;80700;VEV_5100;172;25;;;;;177;25;;;;;174.5;-6.4138641357421875
39;80800;VEV_5100;174;10;173;17;;;178;10;179;17;;;176.0;-4.9644622802734375
39;80900;VEV_5100;174;11;173;24;;;178;11;179;24;;;176.0;-5.0289459228515625
39;81000;VEV_5100;174;31;;;;;179;31;;;;;176.5;-4.3532562255859375
39;81100;VEV_5100;174;26;;;;;179;26;;;;;176.5;-4.235992431640625
39;81200;VEV_5100;175;7;174;15;;;179;7;180;15;;;177.0;-3.9029693603515625
39;81300;VEV_5100;174;27;;;;;179;27;;;;;176.5;-4.2711639404296875
39;81400;VEV_5100;175;8;174;23;;;179;8;180;23;;;177.0;-4.10546875
39;81500;VEV_5100;176;7;175;24;;;180;7;181;24;;;178.0;-3.0837554931640625
39;81600;VEV_5100;176;6;175;20;;;180;6;181;20;;;178.0;-3.17095947265625
39;81700;VEV_5100;175;27;;;;;180;27;;;;;177.5;-3.633056640625
39;81800;VEV_5100;175;20;;;;;180;20;;;;;177.5;-3.3255767822265625
39;81900;VEV_5100;177;11;176;22;;;181;11;182;22;;;179.0;-2.08380126953125
39;82000;VEV_5100;178;27;;;;;183;27;;;;;180.5;-0.3824310302734375
39;82100;VEV_5100;179;23;;;;;184;6;185;17;;;181.5;0.8053436279296875
39;82200;VEV_5100;181;12;180;15;;;185;12;186;15;;;183.0;2.0037384033203125
39;82300;VEV_5100;181;6;180;12;;;185;6;186;12;;;183.0;2.082305908203125
39;82400;VEV_5100;181;12;180;21;;;185;12;186;21;;;183.0;2.141510009765625
39;82500;VEV_5100;179;24;;;;;184;10;185;14;;;181.5;0.811676025390625
39;82600;VEV_5100;180;29;;;;;185;8;186;21;;;182.5;1.8000946044921875
39;82700;VEV_5100;180;12;179;14;;;184;12;185;14;;;182.0;0.925689697265625
39;82800;VEV_5100;178;31;;;;;183;7;184;24;;;180.5;-0.2179412841796875
39;82900;VEV_5100;177;20;;;;;182;20;;;;;179.5;-1.410614013671875
39;83000;VEV_5100;177;27;;;;;182;27;;;;;179.5;-1.3851470947265625
39;83100;VEV_5100;176;25;;;;;181;25;;;;;178.5;-2.31365966796875
39;83200;VEV_5100;176;11;175;22;;;180;11;181;22;;;178.0;-2.9745941162109375
39;83300;VEV_5100;175;29;;;;;180;29;;;;;177.5;-3.2930908203125
39;83400;VEV_5100;177;9;176;16;;;181;9;182;16;;;179.0;-2.1711883544921875
39;83500;VEV_5100;177;23;;;;;182;9;183;14;;;179.5;-1.2061004638671875
39;83600;VEV_5100;177;31;;;;;182;31;;;;;179.5;-1.581878662109375
39;83700;VEV_5100;176;24;;;;;181;24;;;;;178.5;-2.2817535400390625
39;83800;VEV_5100;178;6;177;20;;;182;6;183;20;;;180.0;-1.1458587646484375
39;83900;VEV_5100;178;6;177;14;;;182;6;183;14;;;180.0;-1.0207366943359375
39;84000;VEV_5100;177;23;;;;;182;23;;;;;179.5;-1.2797088623046875
39;84100;VEV_5100;178;28;;;;;183;28;;;;;180.5;-0.5723419189453125
39;84200;VEV_5100;178;22;;;;;183;22;;;;;180.5;-0.599761962890625
39;84300;VEV_5100;178;29;;;;;183;29;;;;;180.5;-0.42498779296875
39;84400;VEV_5100;180;8;179;15;;;184;8;185;15;;;182.0;1.0151824951171875
39;84500;VEV_5100;181;20;;;;;186;8;187;12;;;183.5;2.7261199951171875
39;84600;VEV_5100;182;30;;;;;187;30;;;;;184.5;3.33013916015625
39;84700;VEV_5100;184;10;183;15;;;188;10;189;15;;;186.0;4.86419677734375
39;84800;VEV_5100;182;31;;;;;187;31;;;;;184.5;3.4743499755859375
39;84900;VEV_5100;180;8;179;12;;;184;8;185;12;;;182.0;1.1123199462890625
39;85000;VEV_5100;178;32;;;;;183;10;184;22;;;180.5;-0.2076568603515625
39;85100;VEV_5100;177;23;;;;;182;7;183;16;;;179.5;-1.221710205078125
39;85200;VEV_5100;178;10;177;15;;;182;10;183;15;;;180.0;-1.145599365234375
39;85300;VEV_5100;178;8;177;16;;;182;8;183;16;;;180.0;-1.181427001953125
39;85400;VEV_5100;177;35;;;;;182;12;183;23;;;179.5;-1.2042999267578125
39;85500;VEV_5100;179;19;;;;;184;19;;;;;181.5;0.522613525390625
39;85600;VEV_5100;179;27;;;;;184;27;;;;;181.5;0.440521240234375
39;85700;VEV_5100;180;20;;;;;185;20;;;;;182.5;1.4853515625
39;85800;VEV_5100;178;24;;;;;183;11;184;13;;;180.5;-0.2451171875
39;85900;VEV_5100;177;26;;;;;182;26;;;;;179.5;-1.341094970703125
39;86000;VEV_5100;178;10;177;15;;;183;25;;;;;180.5;-0.7896270751953125
39;86100;VEV_5100;179;11;178;23;;;183;11;184;23;;;181.0;0.0704345703125
39;86200;VEV_5100;178;32;;;;;183;11;184;21;;;180.5;-0.2169189453125
39;86300;VEV_5100;178;26;;;;;183;26;;;;;180.5;-0.490814208984375
39;86400;VEV_5100;179;6;178;19;;;183;6;184;19;;;181.0;0.1737213134765625
39;86500;VEV_5100;179;27;;;;;184;27;;;;;181.5;0.4203948974609375
39;86600;VEV_5100;178;26;;;;;183;26;;;;;180.5;-0.660736083984375
39;86700;VEV_5100;177;25;;;;;182;25;;;;;179.5;-1.5243682861328125
39;86800;VEV_5100;177;32;;;;;182;32;;;;;179.5;-1.714691162109375
39;86900;VEV_5100;178;26;;;;;183;26;;;;;180.5;-0.554656982421875
39;87000;VEV_5100;178;28;;;;;183;28;;;;;180.5;-0.737548828125
39;87100;VEV_5100;179;24;;;;;184;24;;;;;181.5;0.358245849609375
39;87200;VEV_5100;179;9;178;17;;;183;9;184;17;;;181.0;0.0836334228515625
39;87300;VEV_5100;180;11;179;13;;;184;11;185;13;;;182.0;0.82440185546875
39;87400;VEV_5100;179;22;;;;;184;10;185;12;;;181.5;0.7870941162109375
39;87500;VEV_5100;179;20;;;;;184;8;185;12;;;181.5;0.81707763671875
39;87600;VEV_5100;180;10;179;14;;;184;10;185;14;;;182.0;0.9801788330078125
39;87700;VEV_5100;179;25;;;;;184;25;;;;;181.5;0.531219482421875
39;87800;VEV_5100;179;35;;;;;184;35;;;;;181.5;0.4162750244140625
39;87900;VEV_5100;180;11;179;16;;;184;11;185;16;;;182.0;1.1266937255859375
39;88000;VEV_5100;179;19;;;;;184;19;;;;;181.5;0.4986724853515625
39;88100;VEV_5100;178;21;;;;;183;21;;;;;180.5;-0.677093505859375
39;88200;VEV_5100;178;29;;;;;183;29;;;;;180.5;-0.7283477783203125
39;88300;VEV_5100;177;25;;;;;182;25;;;;;179.5;-1.53009033203125
39;88400;VEV_5100;177;31;;;;;182;31;;;;;179.5;-1.447296142578125
39;88500;VEV_5100;178;30;;;;;183;30;;;;;180.5;-0.3602752685546875
39;88600;VEV_5100;179;8;178;19;;;183;8;184;19;;;181.0;0.0237274169921875
39;88700;VEV_5100;179;9;178;18;;;183;9;184;18;;;181.0;-0.0204925537109375
39;88800;VEV_5100;179;10;178;12;;;183;10;184;12;;;181.0;0.003997802734375
39;88900;VEV_5100;179;33;;;;;184;33;;;;;181.5;0.7079010009765625
39;89000;VEV_5100;178;21;;;;;183;21;;;;;180.5;-0.491058349609375
39;89100;VEV_5100;178;10;177;20;;;182;10;183;20;;;180.0;-1.1973876953125
39;89200;VEV_5100;179;10;178;12;;;183;10;184;12;;;181.0;0.12042236328125
39;89300;VEV_5100;178;27;;;;;183;27;;;;;180.5;-0.3014068603515625
39;89400;VEV_5100;178;20;;;;;183;20;;;;;180.5;-0.3055419921875
39;89500;VEV_5100;178;6;177;20;;;183;26;;;;;180.5;-0.7817230224609375
39;89600;VEV_5100;177;26;;;;;182;26;;;;;179.5;-1.3451690673828125
39;89700;VEV_5100;176;25;;;;;181;25;;;;;178.5;-2.687286376953125
39;89800;VEV_5100;177;9;176;16;;;181;9;182;16;;;179.0;-1.926910400390625
39;89900;VEV_5100;177;33;;;;;182;33;;;;;179.5;-1.296356201171875
39;90000;VEV_5100;178;8;177;13;;;182;8;183;13;;;180.0;-1.014434814453125
39;90100;VEV_5100;177;29;;;;;182;29;;;;;179.5;-1.3031463623046875
39;90200;VEV_5100;177;27;;;;;182;12;183;15;;;179.5;-1.2222442626953125
39;90300;VEV_5100;177;28;;;;;182;28;;;;;179.5;-1.456878662109375
39;90400;VEV_5100;178;21;;;;;183;21;;;;;180.5;-0.6899871826171875
39;90500;VEV_5100;178;9;177;15;;;182;9;183;15;;;180.0;-0.9525604248046875
39;90600;VEV_5100;177;6;176;22;;;181;6;182;22;;;179.0;-1.8713226318359375
39;90700;VEV_5100;177;7;176;23;;;181;7;182;23;;;179.0;-2.20159912109375
39;90800;VEV_5100;175;26;;;;;180;26;;;;;177.5;-3.52545166015625
39;90900;VEV_5100;176;9;175;13;;;180;9;181;13;;;178.0;-3.068756103515625
39;91000;VEV_5100;175;11;174;14;;;179;11;180;14;;;177.0;-4.1372833251953125
39;91100;VEV_5100;175;11;174;17;;;179;11;180;17;;;177.0;-3.990142822265625
39;91200;VEV_5100;175;9;174;14;;;179;9;180;14;;;177.0;-4.0113372802734375
39;91300;VEV_5100;176;27;;;;;181;27;;;;;178.5;-2.7531280517578125
39;91400;VEV_5100;177;30;;;;;182;30;;;;;179.5;-1.3382415771484375
39;91500;VEV_5100;177;6;176;12;;;181;6;182;12;;;179.0;-2.061065673828125
39;91600;VEV_5100;177;28;;;;;182;28;;;;;179.5;-1.587799072265625
39;91700;VEV_5100;176;30;;;;;181;30;;;;;178.5;-2.7371368408203125
39;91800;VEV_5100;176;22;;;;;181;22;;;;;178.5;-2.6420745849609375
39;91900;VEV_5100;176;8;175;23;;;180;8;181;23;;;178.0;-3.1941680908203125
39;92000;VEV_5100;178;8;177;15;;;182;8;183;15;;;180.0;-1.0088653564453125
39;92100;VEV_5100;176;24;;;;;181;24;;;;;178.5;-2.2898712158203125
39;92200;VEV_5100;177;28;;;;;182;28;;;;;179.5;-1.4901580810546875
39;92300;VEV_5100;176;25;;;;;181;25;;;;;178.5;-2.4029541015625
39;92400;VEV_5100;176;24;;;;;181;24;;;;;178.5;-2.3640594482421875
39;92500;VEV_5100;177;7;176;16;;;181;7;182;16;;;179.0;-1.846923828125
39;92600;VEV_5100;177;29;;;;;182;29;;;;;179.5;-1.454437255859375
39;92700;VEV_5100;178;9;177;21;;;182;9;183;21;;;180.0;-1.0841217041015625
39;92800;VEV_5100;179;9;178;24;;;183;9;184;24;;;181.0;0.0835113525390625
39;92900;VEV_5100;179;28;;;;;184;28;;;;;181.5;0.7149505615234375
39;93000;VEV_5100;180;9;179;13;;;184;9;185;13;;;182.0;0.89739990234375
39;93100;VEV_5100;180;12;179;12;;;184;12;185;12;;;182.0;0.9638519287109375
39;93200;VEV_5100;178;28;;;;;183;6;184;22;;;180.5;-0.2317962646484375
39;93300;VEV_5100;178;27;;;;;183;27;;;;;180.5;-0.7218780517578125
39;93400;VEV_5100;177;27;;;;;182;27;;;;;179.5;-1.4651031494140625
39;93500;VEV_5100;178;9;177;16;;;182;9;183;16;;;180.0;-0.9869537353515625
39;93600;VEV_5100;177;6;176;17;;;182;23;;;;;179.5;-1.7917633056640625
39;93700;VEV_5100;177;6;176;15;;;181;6;182;15;;;179.0;-2.0522308349609375
39;93800;VEV_5100;179;9;178;17;;;183;9;184;17;;;181.0;-0.03472900390625
39;93900;VEV_5100;180;9;179;19;;;184;9;185;19;;;182.0;1.0598297119140625
39;94000;VEV_5100;179;10;178;23;;;183;10;184;23;;;181.0;0.0829620361328125
39;94100;VEV_5100;177;29;;;;;182;29;;;;;179.5;-1.3511962890625
39;94200;VEV_5100;177;28;;;;;182;12;183;16;;;179.5;-1.2332000732421875
39;94300;VEV_5100;178;6;177;20;;;182;6;183;20;;;180.0;-1.04254150390625
39;94400;VEV_5100;177;33;;;;;182;33;;;;;179.5;-1.7191009521484375
39;94500;VEV_5100;177;23;;;;;182;23;;;;;179.5;-1.601837158203125
39;94600;VEV_5100;176;34;;;;;181;34;;;;;178.5;-2.26776123046875
39;94700;VEV_5100;175;23;;;;;180;23;;;;;177.5;-3.61273193359375
39;94800;VEV_5100;174;12;173;18;;;178;12;179;18;;;176.0;-4.805389404296875
39;94900;VEV_5100;174;25;;;;;179;25;;;;;176.5;-4.5778961181640625
39;95000;VEV_5100;174;20;;;;;179;20;;;;;176.5;-4.5417633056640625
39;95100;VEV_5100;174;18;;;;;179;18;;;;;176.5;-4.25921630859375
39;95200;VEV_5100;172;22;;;;;176;8;177;14;;;174.0;-6.7833404541015625
39;95300;VEV_5100;171;28;;;;;176;28;;;;;173.5;-7.5868682861328125
39;95400;VEV_5100;172;25;;;;;176;8;177;17;;;174.0;-6.805816650390625
39;95500;VEV_5100;172;23;;;;;177;23;;;;;174.5;-6.3460845947265625
39;95600;VEV_5100;173;8;172;21;;;177;8;178;21;;;175.0;-6.1768951416015625
39;95700;VEV_5100;173;12;172;24;;;177;12;178;24;;;175.0;-6.1805877685546875
39;95800;VEV_5100;172;11;171;13;;;176;11;177;13;;;174.0;-7.1114959716796875
39;95900;VEV_5100;172;8;171;12;;;176;8;177;12;;;174.0;-7.0190582275390625
39;96000;VEV_5100;172;9;171;14;;;176;23;;;;;174.0;-7.1792755126953125
39;96100;VEV_5100;172;11;171;22;;;176;11;177;22;;;174.0;-6.8256683349609375
39;96200;VEV_5100;173;31;;;;;178;31;;;;;175.5;-5.5655975341796875
39;96300;VEV_5100;174;27;;;;;179;27;;;;;176.5;-4.5006103515625
39;96400;VEV_5100;175;25;;;;;180;25;;;;;177.5;-3.4781951904296875
39;96500;VEV_5100;174;28;;;;;179;28;;;;;176.5;-4.7533721923828125
39;96600;VEV_5100;173;8;172;21;;;177;8;178;21;;;175.0;-5.9512939453125
39;96700;VEV_5100;173;27;;;;;178;27;;;;;175.5;-5.34417724609375
39;96800;VEV_5100;173;12;172;24;;;177;12;178;24;;;175.0;-5.868743896484375
39;96900;VEV_5100;174;26;;;;;178;8;179;18;;;176.0;-4.78839111328125
39;97000;VEV_5100;173;22;;;;;178;22;;;;;175.5;-5.4223175048828125
39;97100;VEV_5100;172;21;;;;;177;21;;;;;174.5;-6.405517578125
39;97200;VEV_5100;172;27;;;;;177;27;;;;;174.5;-6.337310791015625
39;97300;VEV_5100;172;8;171;20;;;176;28;;;;;174.0;-7.2421417236328125
39;97400;VEV_5100;171;22;;;;;175;10;176;12;;;173.0;-7.819091796875
39;97500;VEV_5100;172;6;171;18;;;176;6;177;18;;;174.0;-7.11962890625
39;97600;VEV_5100;172;11;171;15;;;176;11;177;15;;;174.0;-7.0327301025390625
39;97700;VEV_5100;171;24;;;;;176;24;;;;;173.5;-7.3520660400390625
39;97800;VEV_5100;171;33;;;;;176;33;;;;;173.5;-7.6055908203125
39;97900;VEV_5100;171;21;;;;;176;21;;;;;173.5;-7.32763671875
39;98000;VEV_5100;172;29;;;;;177;29;;;;;174.5;-6.3206024169921875
39;98100;VEV_5100;174;26;;;;;179;26;;;;;176.5;-4.638946533203125
39;98200;VEV_5100;175;30;;;;;180;30;;;;;177.5;-3.5157623291015625
39;98300;VEV_5100;175;21;;;;;180;21;;;;;177.5;-3.6618194580078125
39;98400;VEV_5100;174;23;;;;;179;23;;;;;176.5;-4.6463623046875
39;98500;VEV_5100;174;25;;;;;179;25;;;;;176.5;-4.689971923828125
39;98600;VEV_5100;175;23;;;;;180;23;;;;;177.5;-3.4434967041015625
39;98700;VEV_5100;174;24;;;;;179;24;;;;;176.5;-4.2727813720703125
39;98800;VEV_5100;174;25;;;;;179;25;;;;;176.5;-4.716522216796875
39;98900;VEV_5100;174;20;;;;;179;20;;;;;176.5;-4.3401031494140625
39;99000;VEV_5100;175;10;174;16;;;179;10;180;16;;;177.0;-3.993743896484375
39;99100;VEV_5100;174;7;173;14;;;178;7;179;14;;;176.0;-4.92608642578125
39;99200;VEV_5100;174;8;173;22;;;178;8;179;22;;;176.0;-5.0029144287109375
39;99300;VEV_5100;173;33;;;;;178;33;;;;;175.5;-5.6182403564453125
39;99400;VEV_5100;174;34;;;;;179;34;;;;;176.5;-4.5214080810546875
39;99500;VEV_5100;174;9;173;16;;;178;9;179;16;;;176.0;-5.0756378173828125
39;99600;VEV_5100;173;27;;;;;178;27;;;;;175.5;-5.2663116455078125
39;99700;VEV_5100;173;8;172;12;;;177;8;178;12;;;175.0;-6.100616455078125
39;99800;VEV_5100;174;7;173;17;;;178;7;179;17;;;176.0;-5.13720703125
39;99900;VEV_5100;174;10;173;16;;;178;10;179;16;;;176.0;-5.0209808349609375
