day;timestamp;product;bid_price_1;bid_volume_1;bid_price_2;bid_volume_2;bid_price_3;bid_volume_3;ask_price_1;ask_volume_1;ask_price_2;ask_volume_2;ask_price_3;ask_volume_3;mid_price;profit_and_loss
0;0;ASH_COATED_OSMIUM;9992;23;;;;;10011;13;;;;;10001.5;0.0
0;100;ASH_COATED_OSMIUM;9995;15;9992;21;;;10013;21;;;;;10004.0;-8.296875
0;200;ASH_COATED_OSMIUM;9994;14;9992;21;;;10013;21;;;;;10003.5;-8.7763671875
0;300;ASH_COATED_OSMIUM;10000;4;9994;15;9992;26;10010;15;10013;26;;;10005.0;-8.98828125
0;400;ASH_COATED_OSMIUM;9994;10;9991;26;;;10010;10;10012;26;;;10002.0;-9.2587890625
0;500;ASH_COATED_OSMIUM;9994;13;9991;23;;;10010;13;10012;23;;;10002.0;-9.1171875
0;600;ASH_COATED_OSMIUM;9994;15;;;;;10010;15;;;;;10002.0;-9.087890625
0;700;ASH_COATED_OSMIUM;9994;11;;;;;;;;;;;9994.0;-9.4912109375
0;800;ASH_COATED_OSMIUM;9991;24;;;;;10009;13;10012;24;;;10000.0;-9.9716796875
0;900;ASH_COATED_OSMIUM;9992;12;9990;20;;;10008;12;10011;20;;;10000.0;-10.6552734375
0;1000;ASH_COATED_OSMIUM;9993;14;9990;30;;;10011;30;;;;;10002.0;-10.2607421875
0;1100;ASH_COATED_OSMIUM;;;;;;;10009;15;10011;21;;;10009.0;-10.318359375
0;1200;ASH_COATED_OSMIUM;;;;;;;10009;10;10012;22;;;10009.0;-9.990234375
0;1300;ASH_COATED_OSMIUM;9993;11;9991;25;;;10009;11;10012;25;;;10001.0;-9.9619140625
0;1400;ASH_COATED_OSMIUM;9993;13;9990;23;;;10009;13;10011;23;;;10001.0;-10.16015625
0;1500;ASH_COATED_OSMIUM;9992;10;9990;20;;;10008;10;10011;20;;;10000.0;-10.51953125
0;1600;ASH_COATED_OSMIUM;9992;11;;;;;10011;28;;;;;10001.5;-10.994140625
0;1700;ASH_COATED_OSMIUM;9992;12;9990;28;;;10008;12;10011;28;;;10000.0;-10.8642578125
0;1800;ASH_COATED_OSMIUM;9992;13;9989;23;;;10008;13;10010;23;;;10000.0;-11.01953125
0;1900;ASH_COATED_OSMIUM;9990;30;;;;;10008;14;10011;30;;;9999.0;-10.5322265625
0;2000;ASH_COATED_OSMIUM;9993;15;9991;21;;;10009;15;;;;;10001.0;-9.837890625
0;2100;ASH_COATED_OSMIUM;9991;26;;;;;10009;13;10012;26;;;10000.0;-9.82421875
0;2200;ASH_COATED_OSMIUM;9993;11;9991;20;;;;;;;;;9993.0;-9.896484375
0;2300;ASH_COATED_OSMIUM;9993;11;;;;;10009;11;;;;;10001.0;-9.8515625
0;2400;ASH_COATED_OSMIUM;9993;13;9991;20;;;10009;13;10012;20;;;10001.0;-9.7236328125
0;2500;ASH_COATED_OSMIUM;9993;11;;;;;10009;11;10012;21;;;10001.0;-9.5439453125
0;2600;ASH_COATED_OSMIUM;9991;29;;;;;10009;10;10012;29;;;10000.0;-9.68359375
0;2700;ASH_COATED_OSMIUM;9993;10;9991;21;;;10012;21;;;;;10002.5;-9.55859375
0;2800;ASH_COATED_OSMIUM;9993;14;9991;27;;;10009;14;;;;;10001.0;-9.5576171875
0;2900;ASH_COATED_OSMIUM;9993;12;9991;20;;;10009;12;10012;20;;;10001.0;-9.8408203125
0;3000;ASH_COATED_OSMIUM;9993;11;9991;29;;;10009;11;10012;29;;;10001.0;-9.751953125
0;3100;ASH_COATED_OSMIUM;9994;13;;;;;10012;27;;;;;10003.0;-9.4765625
0;3200;ASH_COATED_OSMIUM;9991;24;;;;;10012;24;;;;;10001.5;-9.5458984375
0;3300;ASH_COATED_OSMIUM;9993;10;9991;24;;;10009;10;;;;;10001.0;-9.5458984375
0;3400;ASH_COATED_OSMIUM;10003;6;9993;12;9991;27;10009;12;10012;27;;;10006.0;-9.802734375
0;3500;ASH_COATED_OSMIUM;9991;26;;;;;10009;15;10012;26;;;10000.0;-9.6005859375
0;3600;ASH_COATED_OSMIUM;9993;14;9991;27;;;10009;14;10012;27;;;10001.0;-9.6552734375
0;3700;ASH_COATED_OSMIUM;9993;10;9991;25;;;10009;10;10012;25;;;10001.0;-9.6767578125
0;3800;ASH_COATED_OSMIUM;9991;24;;;;;10009;10;10012;24;;;10000.0;-9.517578125
0;3900;ASH_COATED_OSMIUM;9993;15;9991;24;;;10009;15;10012;24;;;10001.0;-9.712890625
0;4000;ASH_COATED_OSMIUM;9993;11;9991;30;;;10009;11;10012;30;;;10001.0;-9.7880859375
0;4100;ASH_COATED_OSMIUM;9992;10;9990;22;;;;;;;;;9992.0;-10.52734375
0;4200;ASH_COATED_OSMIUM;9990;28;;;;;10011;28;;;;;10000.5;-10.4697265625
0;4300;ASH_COATED_OSMIUM;;;;;;;10009;10;10011;26;;;10009.0;-10.2861328125
0;4400;ASH_COATED_OSMIUM;9990;28;;;;;10009;15;10011;28;;;9999.5;-10.4619140625
0;4500;ASH_COATED_OSMIUM;9993;13;9990;26;;;10009;13;10011;26;;;10001.0;-10.26171875
0;4600;ASH_COATED_OSMIUM;9993;15;9990;21;;;10009;15;10011;21;;;10001.0;-10.2919921875
0;4700;ASH_COATED_OSMIUM;9993;14;9990;26;;;10011;26;;;;;10002.0;-10.423828125
0;4800;ASH_COATED_OSMIUM;9998;3;9993;14;9990;22;10009;14;10011;22;;;10003.5;-10.400390625
0;4900;ASH_COATED_OSMIUM;9990;22;;;;;10009;12;10011;22;;;9999.5;-10.15234375
0;5000;ASH_COATED_OSMIUM;9992;11;;;;;10008;11;;;;;10000.0;-10.5546875
0;5100;ASH_COATED_OSMIUM;9993;11;9990;26;;;9998;4;10009;11;10011;26;9995.5;-10.2626953125
0;5200;ASH_COATED_OSMIUM;9993;13;9990;23;;;10009;13;10011;23;;;10001.0;-10.2109375
0;5300;ASH_COATED_OSMIUM;9993;10;9990;22;;;10009;10;10011;22;;;10001.0;-10.412109375
0;5400;ASH_COATED_OSMIUM;9990;30;;;;;10011;30;;;;;10000.5;-10.04296875
0;5500;ASH_COATED_OSMIUM;9994;15;;;;;10012;28;;;;;10003.0;-9.2939453125
0;5600;ASH_COATED_OSMIUM;9991;23;;;;;10009;13;10012;23;;;10000.0;-9.5576171875
0;5700;ASH_COATED_OSMIUM;9993;12;9991;30;;;10009;12;;;;;10001.0;-9.7060546875
0;5800;ASH_COATED_OSMIUM;9991;28;;;;;10012;28;;;;;10001.5;-9.1689453125
0;5900;ASH_COATED_OSMIUM;9993;12;9991;21;;;10009;12;10012;21;;;10001.0;-9.654296875
0;6000;ASH_COATED_OSMIUM;9990;30;;;;;10009;13;10011;30;;;9999.5;-10.0751953125
0;6100;ASH_COATED_OSMIUM;9993;14;9990;24;;;10011;24;;;;;10002.0;-10.107421875
0;6200;ASH_COATED_OSMIUM;9993;12;9990;29;;;10009;12;10011;29;;;10001.0;-10.19921875
0;6300;ASH_COATED_OSMIUM;9993;14;9990;22;;;10009;14;10011;22;;;10001.0;-10.3974609375
0;6400;ASH_COATED_OSMIUM;9992;14;9989;23;;;10010;23;;;;;10001.0;-11.2021484375
0;6500;ASH_COATED_OSMIUM;9992;12;9990;22;;;9998;4;10008;12;10011;22;9995.0;-10.8701171875
0;6600;ASH_COATED_OSMIUM;;;;;;;10008;13;;;;;10008.0;-11.1328125
0;6700;ASH_COATED_OSMIUM;9992;12;9990;30;;;10011;30;;;;;10001.5;-10.9208984375
0;6800;ASH_COATED_OSMIUM;9992;12;9990;29;;;10008;12;10011;29;;;10000.0;-10.7080078125
0;6900;ASH_COATED_OSMIUM;9992;11;9990;27;;;10008;11;10011;27;;;10000.0;-10.56640625
0;7000;ASH_COATED_OSMIUM;9990;30;;;;;10011;30;;;;;10000.5;-10.63671875
0;7100;ASH_COATED_OSMIUM;10002;9;9992;11;;;10008;11;10011;30;;;10005.0;-10.685546875
0;7200;ASH_COATED_OSMIUM;9993;13;9990;22;;;10009;13;10011;22;;;10001.0;-10.0556640625
0;7300;ASH_COATED_OSMIUM;9992;10;;;;;10008;10;10011;25;;;10000.0;-10.5341796875
0;7400;ASH_COATED_OSMIUM;9993;12;9990;22;;;10009;12;10011;22;;;10001.0;-10.197265625
0;7500;ASH_COATED_OSMIUM;9990;29;;;;;10009;13;10011;29;;;9999.5;-10.181640625
0;7600;ASH_COATED_OSMIUM;9993;13;9990;27;;;10009;13;10011;27;;;10001.0;-10.2958984375
0;7700;ASH_COATED_OSMIUM;9993;14;9991;25;;;10009;14;;;;;10001.0;-9.8642578125
0;7800;ASH_COATED_OSMIUM;9993;15;;;;;10009;15;10011;23;;;10001.0;-10.1435546875
0;7900;ASH_COATED_OSMIUM;9993;10;9990;22;;;10009;10;;;;;10001.0;-10.443359375
0;8000;ASH_COATED_OSMIUM;9992;13;;;;;10011;28;;;;;10001.5;-10.8779296875
0;8100;ASH_COATED_OSMIUM;9992;12;9989;25;;;10008;12;;;;;10000.0;-11.01953125
0;8200;ASH_COATED_OSMIUM;9992;10;9989;25;;;10008;10;;;;;10000.0;-11.0400390625
0;8300;ASH_COATED_OSMIUM;9990;28;;;;;10011;28;;;;;10000.5;-10.9365234375
0;8400;ASH_COATED_OSMIUM;9998;3;9990;29;;;10008;11;10011;29;;;10003.0;-10.8310546875
0;8500;ASH_COATED_OSMIUM;9992;14;9989;25;;;10010;25;;;;;10001.0;-11.1552734375
0;8600;ASH_COATED_OSMIUM;9992;13;9989;27;;;10008;13;10010;27;;;10000.0;-11.4619140625
0;8700;ASH_COATED_OSMIUM;;;;;;;10010;22;;;;;10010.0;-11.5673828125
0;8800;ASH_COATED_OSMIUM;9991;10;9989;30;;;10007;10;10010;30;;;9999.0;-11.546875
0;8900;ASH_COATED_OSMIUM;9989;26;;;;;10010;26;;;;;9999.5;-11.126953125
0;9000;ASH_COATED_OSMIUM;9992;10;9990;23;;;10008;10;10011;23;;;10000.0;-10.66796875
0;9100;ASH_COATED_OSMIUM;9992;15;9990;22;;;10008;15;10011;22;;;10000.0;-10.71875
0;9200;ASH_COATED_OSMIUM;9990;25;;;;;10008;14;;;;;9999.0;-10.5615234375
0;9300;ASH_COATED_OSMIUM;9992;13;;;;;10008;13;10010;29;;;10000.0;-11.0224609375
0;9400;ASH_COATED_OSMIUM;9992;15;9990;28;;;10002;4;10011;28;;;9997.0;-10.955078125
0;9500;ASH_COATED_OSMIUM;9992;14;9990;24;;;10011;24;;;;;10001.5;-10.9765625
0;9600;ASH_COATED_OSMIUM;9993;12;9990;20;;;10011;20;;;;;10002.0;-10.013671875
0;9700;ASH_COATED_OSMIUM;9993;12;9991;30;;;10009;12;10012;30;;;10001.0;-9.517578125
0;9800;ASH_COATED_OSMIUM;9994;15;9991;24;;;10010;15;10012;24;;;10002.0;-9.2255859375
0;9900;ASH_COATED_OSMIUM;10004;5;9992;24;;;;;;;;;10004.0;-8.6328125
0;10000;ASH_COATED_OSMIUM;9994;14;9992;27;;;10010;14;10013;27;;;10002.0;-8.775390625
0;10100;ASH_COATED_OSMIUM;9994;15;9992;20;;;10010;15;10013;20;;;10002.0;-8.7998046875
0;10200;ASH_COATED_OSMIUM;9994;12;;;;;10010;12;10013;20;;;10002.0;-8.8701171875
0;10300;ASH_COATED_OSMIUM;9994;11;9992;24;;;10013;24;;;;;10003.5;-8.7138671875
0;10400;ASH_COATED_OSMIUM;9994;11;;;;;10010;11;10013;25;;;10002.0;-8.7177734375
0;10500;ASH_COATED_OSMIUM;9994;14;9992;26;;;10010;14;10013;26;;;10002.0;-8.7265625
0;10600;ASH_COATED_OSMIUM;9994;10;9992;20;;;10010;10;10013;20;;;10002.0;-8.876953125
0;10700;ASH_COATED_OSMIUM;9992;24;;;;;10013;24;;;;;10002.5;-8.9638671875
0;10800;ASH_COATED_OSMIUM;9994;10;9992;23;;;10010;10;;;;;10002.0;-8.5625
0;10900;ASH_COATED_OSMIUM;9995;15;9992;22;;;10011;15;10013;22;;;10003.0;-8.4453125
0;11000;ASH_COATED_OSMIUM;9995;10;9992;26;;;;;;;;;9995.0;-8.4306640625
0;11100;ASH_COATED_OSMIUM;9995;14;9992;30;;;10011;14;10013;30;;;10003.0;-8.478515625
0;11200;ASH_COATED_OSMIUM;9992;28;;;;;10013;28;;;;;10002.5;-8.822265625
0;11300;ASH_COATED_OSMIUM;9994;13;9992;25;;;10010;13;10013;25;;;10002.0;-8.9931640625
0;11400;ASH_COATED_OSMIUM;9994;15;9992;30;;;10013;30;;;;;10003.5;-8.8046875
0;11500;ASH_COATED_OSMIUM;9994;10;9992;28;;;10010;10;10013;28;;;10002.0;-8.9599609375
0;11600;ASH_COATED_OSMIUM;9992;22;;;;;10010;13;10013;22;;;10001.0;-8.990234375
0;11700;ASH_COATED_OSMIUM;9994;15;9992;20;;;10010;15;;;;;10002.0;-8.5625
0;11800;ASH_COATED_OSMIUM;;;;;;;10010;14;;;;;10010.0;-9.208984375
0;11900;ASH_COATED_OSMIUM;9994;10;9992;22;;;10010;10;10013;22;;;10002.0;-8.865234375
0;12000;ASH_COATED_OSMIUM;9994;10;9992;27;;;10010;10;10013;27;;;10002.0;-8.8603515625
0;12100;ASH_COATED_OSMIUM;9994;15;9992;23;;;10013;23;;;;;10003.5;-8.7939453125
0;12200;ASH_COATED_OSMIUM;9994;12;9992;23;;;10013;23;;;;;10003.5;-8.6630859375
0;12300;ASH_COATED_OSMIUM;9994;13;9992;24;;;10010;13;;;;;10002.0;-8.513671875
0;12400;ASH_COATED_OSMIUM;9992;29;;;;;10011;13;;;;;10001.5;-8.1220703125
0;12500;ASH_COATED_OSMIUM;9995;10;9992;22;;;10011;10;10013;22;;;10003.0;-8.111328125
0;12600;ASH_COATED_OSMIUM;9995;15;;;;;10011;15;10013;26;;;10003.0;-8.068359375
0;12700;ASH_COATED_OSMIUM;9992;27;;;;;10011;12;10013;27;;;10001.5;-8.388671875
0;12800;ASH_COATED_OSMIUM;9994;13;;;;;10010;13;10013;28;;;10002.0;-8.7626953125
0;12900;ASH_COATED_OSMIUM;9995;12;9992;21;;;10011;12;10013;21;;;10003.0;-8.4013671875
0;13000;ASH_COATED_OSMIUM;9995;12;;;;;10013;30;;;;;10004.0;-8.287109375
0;13100;ASH_COATED_OSMIUM;9995;12;9993;21;;;10011;12;10014;21;;;10003.0;-7.84375
0;13200;ASH_COATED_OSMIUM;9993;29;;;;;10012;12;10014;29;;;10002.5;-7.2275390625
0;13300;ASH_COATED_OSMIUM;9995;12;9993;22;;;10011;12;;;;;10003.0;-7.5556640625
0;13400;ASH_COATED_OSMIUM;9995;13;9992;26;;;10011;13;10013;26;;;10003.0;-8.1806640625
0;13500;ASH_COATED_OSMIUM;9995;14;;;;;10011;14;10014;24;;;10003.0;-7.8515625
0;13600;ASH_COATED_OSMIUM;9995;10;9992;24;;;10013;24;;;;;10004.0;-8.12890625
0;13700;ASH_COATED_OSMIUM;9995;14;9993;28;;;10011;14;10014;28;;;10003.0;-7.81640625
0;13800;ASH_COATED_OSMIUM;9995;11;9993;23;;;10011;11;10014;23;;;10003.0;-7.9716796875
0;13900;ASH_COATED_OSMIUM;9995;11;9992;20;;;10011;11;10013;20;;;10003.0;-8.0732421875
0;14000;ASH_COATED_OSMIUM;9995;12;;;;;10011;12;10013;28;;;10003.0;-8.41015625
0;14100;ASH_COATED_OSMIUM;9995;14;9992;20;;;;;;;;;9995.0;-8.4208984375
0;14200;ASH_COATED_OSMIUM;9999;4;9994;13;9991;21;10010;13;10012;21;;;10004.5;-9.013671875
0;14300;ASH_COATED_OSMIUM;9994;15;9991;21;;;10010;15;;;;;10002.0;-9.1015625
0;14400;ASH_COATED_OSMIUM;9994;10;9991;21;;;10003;4;10010;10;;;9998.5;-9.0166015625
0;14500;ASH_COATED_OSMIUM;9994;10;;;;;10010;10;10013;28;;;10002.0;-8.9365234375
0;14600;ASH_COATED_OSMIUM;9994;10;9992;27;;;10010;10;;;;;10002.0;-8.96484375
0;14700;ASH_COATED_OSMIUM;9992;23;;;;;10010;13;10013;23;;;10001.0;-8.80859375
0;14800;ASH_COATED_OSMIUM;9994;15;9992;30;;;10010;15;;;;;10002.0;-8.9697265625
0;14900;ASH_COATED_OSMIUM;9994;15;9992;25;;;10010;15;10013;25;;;10002.0;-8.876953125
0;15000;ASH_COATED_OSMIUM;9994;13;;;;;10010;13;10013;25;;;10002.0;-8.755859375
0;15100;ASH_COATED_OSMIUM;9994;12;9991;20;;;10010;12;10012;20;;;10002.0;-9.255859375
0;15200;ASH_COATED_OSMIUM;9992;21;;;;;10010;15;10013;21;;;10001.0;-8.603515625
0;15300;ASH_COATED_OSMIUM;9992;22;;;;;10013;22;;;;;10002.5;-8.95703125
0;15400;ASH_COATED_OSMIUM;9994;11;;;;;10010;11;10012;30;;;10002.0;-9.09375
0;15500;ASH_COATED_OSMIUM;9991;25;;;;;10009;10;10012;25;;;10000.0;-9.5107421875
0;15600;ASH_COATED_OSMIUM;9994;10;9991;22;;;10010;10;10012;22;;;10002.0;-9.4267578125
0;15700;ASH_COATED_OSMIUM;9993;15;9991;28;;;10009;15;10012;28;;;10001.0;-9.888671875
0;15800;ASH_COATED_OSMIUM;9990;26;;;;;10009;12;10011;26;;;9999.5;-10.0693359375
0;15900;ASH_COATED_OSMIUM;9993;14;9991;20;;;10003;3;10009;14;10012;20;9998.0;-9.62890625
0;16000;ASH_COATED_OSMIUM;9991;20;;;;;10009;11;10012;20;;;10000.0;-9.59375
0;16100;ASH_COATED_OSMIUM;9994;13;;;;;10003;2;10010;13;;;9998.5;-9.4189453125
0;16200;ASH_COATED_OSMIUM;9994;15;;;;;10012;27;;;;;10003.0;-9.408203125
0;16300;ASH_COATED_OSMIUM;9991;21;;;;;10009;11;10012;21;;;10000.0;-9.736328125
0;16400;ASH_COATED_OSMIUM;9993;12;9991;25;;;10012;25;;;;;10002.5;-9.91015625
0;16500;ASH_COATED_OSMIUM;9993;13;9990;22;;;10009;13;10011;22;;;10001.0;-10.0830078125
0;16600;ASH_COATED_OSMIUM;9992;12;9990;26;;;10008;12;10011;26;;;10000.0;-10.76953125
0;16700;ASH_COATED_OSMIUM;;;;;;;;;;;;;0.0;-10.876953125
0;16800;ASH_COATED_OSMIUM;10002;7;9990;25;;;10008;13;10011;25;;;10005.0;-10.8623046875
0;16900;ASH_COATED_OSMIUM;9992;11;9990;22;;;10008;11;10011;22;;;10000.0;-10.7060546875
0;17000;ASH_COATED_OSMIUM;9991;25;;;;;10009;10;10012;25;;;10000.0;-9.931640625
0;17100;ASH_COATED_OSMIUM;9993;12;9991;26;;;10009;12;;;;;10001.0;-9.5859375
0;17200;ASH_COATED_OSMIUM;9993;12;9991;27;;;10009;12;10012;27;;;10001.0;-9.666015625
0;17300;ASH_COATED_OSMIUM;9993;14;;;;;10009;14;10012;27;;;10001.0;-9.728515625
0;17400;ASH_COATED_OSMIUM;9994;13;;;;;10010;13;10012;25;;;10002.0;-9.2158203125
0;17500;ASH_COATED_OSMIUM;9993;14;9991;26;;;10009;14;;;;;10001.0;-9.50390625
0;17600;ASH_COATED_OSMIUM;9993;12;9991;29;;;10009;12;10012;29;;;10001.0;-9.7060546875
0;17700;ASH_COATED_OSMIUM;9993;14;9990;22;;;;;;;;;9993.0;-10.1259765625
0;17800;ASH_COATED_OSMIUM;9993;14;;;;;10009;14;10011;30;;;10001.0;-10.431640625
0;17900;ASH_COATED_OSMIUM;9993;11;9991;21;;;10009;11;10012;21;;;10001.0;-9.970703125
0;18000;ASH_COATED_OSMIUM;9993;10;9991;24;;;10009;10;10012;24;;;10001.0;-9.720703125
0;18100;ASH_COATED_OSMIUM;9993;12;9991;28;;;10009;12;10012;28;;;10001.0;-9.611328125
0;18200;ASH_COATED_OSMIUM;9993;14;;;;;10012;23;;;;;10002.5;-9.7373046875
0;18300;ASH_COATED_OSMIUM;9993;10;9991;20;;;10009;10;10012;20;;;10001.0;-9.591796875
0;18400;ASH_COATED_OSMIUM;9994;15;;;;;10010;15;;;;;10002.0;-9.1669921875
0;18500;ASH_COATED_OSMIUM;9994;15;;;;;10010;15;10012;21;;;10002.0;-9.1171875
0;18600;ASH_COATED_OSMIUM;9994;11;9991;21;;;10010;11;;;;;10002.0;-9.322265625
0;18700;ASH_COATED_OSMIUM;9994;14;9991;30;;;10003;2;10010;14;10012;30;9998.5;-9.0263671875
0;18800;ASH_COATED_OSMIUM;9994;15;9992;24;;;10010;15;;;;;10002.0;-8.966796875
0;18900;ASH_COATED_OSMIUM;9991;25;;;;;10010;15;;;;;10000.5;-9.3330078125
0;19000;ASH_COATED_OSMIUM;9994;15;9991;30;;;10010;15;10012;30;;;10002.0;-9.416015625
0;19100;ASH_COATED_OSMIUM;9994;11;;;;;10012;21;;;;;10003.0;-9.2626953125
0;19200;ASH_COATED_OSMIUM;9993;15;9991;26;;;10009;15;10012;26;;;10001.0;-9.7060546875
0;19300;ASH_COATED_OSMIUM;10003;7;9993;10;9991;23;10009;10;10012;23;;;10006.0;-9.9462890625
0;19400;ASH_COATED_OSMIUM;9993;14;9991;24;;;10009;14;;;;;10001.0;-9.7216796875
0;19500;ASH_COATED_OSMIUM;9990;23;;;;;10009;15;10011;23;;;9999.5;-10.224609375
0;19600;ASH_COATED_OSMIUM;9993;11;9990;26;;;10009;11;10011;26;;;10001.0;-10.45703125
0;19700;ASH_COATED_OSMIUM;9993;14;9990;29;;;10011;29;;;;;10002.0;-10.3388671875
0;19800;ASH_COATED_OSMIUM;9993;10;9990;26;;;10009;10;;;;;10001.0;-10.15234375
0;19900;ASH_COATED_OSMIUM;9993;12;9991;22;;;10009;12;10012;22;;;10001.0;-9.9658203125
0;20000;ASH_COATED_OSMIUM;9993;10;;;;;;;;;;;9993.0;-9.8642578125
0;20100;ASH_COATED_OSMIUM;9990;29;;;;;10009;15;10011;29;;;9999.5;-10.146484375
0;20200;ASH_COATED_OSMIUM;9993;12;9990;20;;;10009;12;10011;20;;;10001.0;-10.0771484375
0;20300;ASH_COATED_OSMIUM;9990;24;;;;;10009;14;10011;24;;;9999.5;-10.15625
0;20400;ASH_COATED_OSMIUM;9992;14;;;;;10008;14;10011;27;;;10000.0;-10.5234375
0;20500;ASH_COATED_OSMIUM;9990;25;;;;;10002;2;10008;15;10011;25;9996.0;-10.8486328125
0;20600;ASH_COATED_OSMIUM;9992;15;;;;;10008;15;;;;;10000.0;-10.71875
0;20700;ASH_COATED_OSMIUM;9992;11;9990;30;;;10008;11;10011;30;;;10000.0;-10.9189453125
0;20800;ASH_COATED_OSMIUM;9992;12;;;;;10008;12;10011;24;;;10000.0;-10.81640625
0;20900;ASH_COATED_OSMIUM;9992;12;9990;29;;;10008;12;10011;29;;;10000.0;-10.8671875
0;21000;ASH_COATED_OSMIUM;9993;14;9990;25;;;10009;14;10011;25;;;10001.0;-10.41015625
0;21100;ASH_COATED_OSMIUM;9998;2;9992;12;9990;28;10008;12;10011;28;;;10003.0;-10.8798828125
0;21200;ASH_COATED_OSMIUM;9992;14;9990;29;;;;;;;;;9992.0;-10.5234375
0;21300;ASH_COATED_OSMIUM;9993;11;9990;22;;;10009;11;10011;22;;;10001.0;-10.43359375
0;21400;ASH_COATED_OSMIUM;9990;29;;;;;10008;14;;;;;9999.0;-10.6650390625
0;21500;ASH_COATED_OSMIUM;9993;11;;;;;10009;11;;;;;10001.0;-10.4541015625
0;21600;ASH_COATED_OSMIUM;9990;20;;;;;10009;14;10011;20;;;9999.5;-10.31640625
0;21700;ASH_COATED_OSMIUM;9993;11;9990;25;;;;;;;;;9993.0;-10.3359375
0;21800;ASH_COATED_OSMIUM;9991;25;;;;;10009;14;10012;25;;;10000.0;-9.83203125
0;21900;ASH_COATED_OSMIUM;9993;13;9991;27;;;10009;13;;;;;10001.0;-9.5029296875
0;22000;ASH_COATED_OSMIUM;10003;6;9993;15;9991;20;10009;15;10012;20;;;10006.0;-9.884765625
0;22100;ASH_COATED_OSMIUM;9993;10;9991;22;;;10009;10;10012;22;;;10001.0;-9.7705078125
0;22200;ASH_COATED_OSMIUM;9994;13;9991;23;;;10010;13;10012;23;;;10002.0;-9.4755859375
0;22300;ASH_COATED_OSMIUM;9994;13;9991;28;;;10012;28;;;;;10003.0;-9.216796875
0;22400;ASH_COATED_OSMIUM;9993;10;;;;;10012;23;;;;;10002.5;-9.9072265625
0;22500;ASH_COATED_OSMIUM;9994;10;9991;27;;;10010;10;;;;;10002.0;-9.03515625
0;22600;ASH_COATED_OSMIUM;9992;25;;;;;10010;15;10013;25;;;10001.0;-8.8076171875
0;22700;ASH_COATED_OSMIUM;9994;14;;;;;10010;14;;;;;10002.0;-9.1162109375
0;22800;ASH_COATED_OSMIUM;9993;12;;;;;10012;26;;;;;10002.5;-9.763671875
0;22900;ASH_COATED_OSMIUM;;;;;;;10009;11;10012;22;;;10009.0;-9.7392578125
0;23000;ASH_COATED_OSMIUM;9991;20;;;;;10009;12;;;;;10000.0;-9.5166015625
0;23100;ASH_COATED_OSMIUM;9993;13;9991;26;;;10009;13;;;;;10001.0;-9.9365234375
0;23200;ASH_COATED_OSMIUM;9993;14;9990;24;;;10009;14;10011;24;;;10001.0;-10.2890625
0;23300;ASH_COATED_OSMIUM;9992;10;9990;21;;;10008;10;10011;21;;;10000.0;-10.5048828125
0;23400;ASH_COATED_OSMIUM;9990;29;;;;;10009;15;10011;29;;;9999.5;-10.0400390625
0;23500;ASH_COATED_OSMIUM;9993;10;;;;;10011;30;;;;;10002.0;-10.111328125
0;23600;ASH_COATED_OSMIUM;9993;10;9990;25;;;10009;10;10011;25;;;10001.0;-10.40625
0;23700;ASH_COATED_OSMIUM;9990;20;;;;;10008;15;10011;20;;;9999.0;-10.61328125
0;23800;ASH_COATED_OSMIUM;9992;11;9990;22;;;10008;11;10011;22;;;10000.0;-10.6064453125
0;23900;ASH_COATED_OSMIUM;9993;14;9990;27;;;;;;;;;9993.0;-10.166015625
0;24000;ASH_COATED_OSMIUM;9990;29;;;;;;;;;;;9990.0;-10.0283203125
0;24100;ASH_COATED_OSMIUM;9993;10;9990;20;;;10011;20;;;;;10002.0;-10.0546875
0;24200;ASH_COATED_OSMIUM;9992;14;9990;23;;;10008;14;;;;;10000.0;-10.6123046875
0;24300;ASH_COATED_OSMIUM;9993;14;9990;27;;;10009;14;10011;27;;;10001.0;-10.255859375
0;24400;ASH_COATED_OSMIUM;9992;14;9990;28;;;10008;14;10011;28;;;10000.0;-10.65234375
0;24500;ASH_COATED_OSMIUM;9992;14;9990;24;;;10008;14;10011;24;;;10000.0;-10.7685546875
0;24600;ASH_COATED_OSMIUM;9992;12;9990;22;;;10008;12;10011;22;;;10000.0;-10.884765625
0;24700;ASH_COATED_OSMIUM;;;;;;;10009;15;10011;20;;;10009.0;-10.2548828125
0;24800;ASH_COATED_OSMIUM;9993;10;;;;;10009;10;10011;28;;;10001.0;-10.1728515625
0;24900;ASH_COATED_OSMIUM;9993;13;9990;24;;;;;;;;;9993.0;-10.1923828125
0;25000;ASH_COATED_OSMIUM;;;;;;;10009;13;;;;;10009.0;-10.341796875
0;25100;ASH_COATED_OSMIUM;9999;5;9993;13;9991;26;10009;13;10012;26;;;10004.0;-9.6640625
0;25200;ASH_COATED_OSMIUM;9993;13;9990;24;;;10009;13;;;;;10001.0;-10.0869140625
0;25300;ASH_COATED_OSMIUM;9993;12;9990;21;;;10009;12;10011;21;;;10001.0;-10.1103515625
0;25400;ASH_COATED_OSMIUM;;;;;;;10009;11;10011;27;;;10009.0;-10.1376953125
0;25500;ASH_COATED_OSMIUM;9993;14;9990;23;;;10009;14;10011;23;;;10001.0;-10.16015625
0;25600;ASH_COATED_OSMIUM;9993;14;9990;24;;;10009;14;10011;24;;;10001.0;-10.185546875
0;25700;ASH_COATED_OSMIUM;9993;10;9990;24;;;10009;10;10011;24;;;10001.0;-10.4013671875
0;25800;ASH_COATED_OSMIUM;9990;27;;;;;10008;10;10011;27;;;9999.0;-10.5517578125
0;25900;ASH_COATED_OSMIUM;9993;12;9990;27;;;10009;12;10011;27;;;10001.0;-10.3076171875
0;26000;ASH_COATED_OSMIUM;9993;15;9990;27;;;10009;15;10011;27;;;10001.0;-10.20703125
0;26100;ASH_COATED_OSMIUM;9993;14;9990;24;;;10009;14;10011;24;;;10001.0;-10.4091796875
0;26200;ASH_COATED_OSMIUM;9991;27;;;;;10009;14;10012;27;;;10000.0;-9.6416015625
0;26300;ASH_COATED_OSMIUM;;;;;;;10009;11;10012;25;;;10009.0;-9.6796875
0;26400;ASH_COATED_OSMIUM;9994;14;9991;27;;;9999;10;10010;14;10012;27;9996.5;-9.0244140625
0;26500;ASH_COATED_OSMIUM;9994;13;9991;21;;;9999;5;10010;13;10012;21;9996.5;-9.0048828125
0;26600;ASH_COATED_OSMIUM;9994;14;;;;;10010;14;10013;29;;;10002.0;-8.9189453125
0;26700;ASH_COATED_OSMIUM;9994;10;9992;26;;;10010;10;10013;26;;;10002.0;-8.80078125
0;26800;ASH_COATED_OSMIUM;9991;20;;;;;10010;10;10012;20;;;10000.5;-9.0546875
0;26900;ASH_COATED_OSMIUM;9993;11;9991;22;;;10009;11;;;;;10001.0;-9.763671875
0;27000;ASH_COATED_OSMIUM;9990;26;;;;;10009;10;10011;26;;;9999.5;-10.0458984375
0;27100;ASH_COATED_OSMIUM;9991;27;;;;;10012;27;;;;;10001.5;-9.7646484375
0;27200;ASH_COATED_OSMIUM;;;;;;;10009;10;10011;23;;;10009.0;-10.197265625
0;27300;ASH_COATED_OSMIUM;10002;10;;;;;10009;15;10011;25;;;10005.5;-10.1865234375
0;27400;ASH_COATED_OSMIUM;9993;10;9991;22;;;10009;10;;;;;10001.0;-9.5654296875
0;27500;ASH_COATED_OSMIUM;9993;11;;;;;10009;11;10012;30;;;10001.0;-9.7265625
0;27600;ASH_COATED_OSMIUM;9993;14;9991;26;;;10009;14;10012;26;;;10001.0;-9.986328125
0;27700;ASH_COATED_OSMIUM;9993;12;9991;30;;;10009;12;10012;30;;;10001.0;-9.9931640625
0;27800;ASH_COATED_OSMIUM;9992;14;9990;20;;;10008;14;;;;;10000.0;-10.5205078125
0;27900;ASH_COATED_OSMIUM;9992;14;9990;29;;;10008;14;10011;29;;;10000.0;-10.73828125
0;28000;ASH_COATED_OSMIUM;9992;13;9990;22;;;10008;13;10011;22;;;10000.0;-10.919921875
0;28100;ASH_COATED_OSMIUM;;;;;;;10008;15;;;;;10008.0;-11.1328125
0;28200;ASH_COATED_OSMIUM;9990;23;;;;;10009;10;10011;23;;;9999.5;-10.4833984375
0;28300;ASH_COATED_OSMIUM;9993;12;9990;28;;;10009;12;10011;28;;;10001.0;-10.109375
0;28400;ASH_COATED_OSMIUM;9993;15;;;;;10009;15;10011;20;;;10001.0;-10.359375
0;28500;ASH_COATED_OSMIUM;9993;14;9990;28;;;10009;14;10011;28;;;10001.0;-10.2490234375
0;28600;ASH_COATED_OSMIUM;9990;26;;;;;10009;12;10011;26;;;9999.5;-10.1259765625
0;28700;ASH_COATED_OSMIUM;9991;22;;;;;10010;14;10012;22;;;10000.5;-9.3955078125
0;28800;ASH_COATED_OSMIUM;9993;14;9991;21;;;10009;14;;;;;10001.0;-9.591796875
0;28900;ASH_COATED_OSMIUM;9993;11;9991;22;;;10009;11;;;;;10001.0;-9.9013671875
0;29000;ASH_COATED_OSMIUM;9991;24;;;;;10009;11;10012;24;;;10000.0;-9.9189453125
0;29100;ASH_COATED_OSMIUM;9993;12;9990;23;;;10009;12;10011;23;;;10001.0;-10.078125
0;29200;ASH_COATED_OSMIUM;9993;12;;;;;10009;12;10011;22;;;10001.0;-10.318359375
0;29300;ASH_COATED_OSMIUM;9993;10;;;;;10009;10;10011;22;;;10001.0;-10.1748046875
0;29400;ASH_COATED_OSMIUM;9990;23;;;;;10011;23;;;;;10000.5;-10.1748046875
0;29500;ASH_COATED_OSMIUM;9998;2;9990;20;;;10011;20;;;;;10004.5;-10.1220703125
0;29600;ASH_COATED_OSMIUM;9993;12;9990;26;;;10009;12;;;;;10001.0;-10.4755859375
0;29700;ASH_COATED_OSMIUM;9990;22;;;;;10008;15;10011;22;;;9999.0;-10.6240234375
0;29800;ASH_COATED_OSMIUM;9993;13;9990;25;;;10011;25;;;;;10002.0;-10.2548828125
0;29900;ASH_COATED_OSMIUM;9993;10;9990;30;;;10009;10;;;;;10001.0;-10.1259765625
0;30000;ASH_COATED_OSMIUM;9993;11;;;;;10009;11;;;;;10001.0;-10.3017578125
0;30100;ASH_COATED_OSMIUM;9993;15;;;;;10009;15;;;;;10001.0;-9.962890625
0;30200;ASH_COATED_OSMIUM;9993;11;9991;28;;;10009;11;;;;;10001.0;-9.8115234375
0;30300;ASH_COATED_OSMIUM;9993;14;9991;29;;;10009;14;10012;29;;;10001.0;-9.7958984375
0;30400;ASH_COATED_OSMIUM;9993;10;9990;30;;;10009;10;;;;;10001.0;-10.4150390625
0;30500;ASH_COATED_OSMIUM;9990;28;;;;;10009;11;10011;28;;;9999.5;-10.484375
0;30600;ASH_COATED_OSMIUM;9993;11;9990;30;;;10009;11;10011;30;;;10001.0;-10.294921875
0;30700;ASH_COATED_OSMIUM;;;;;;;10009;12;10011;27;;;10009.0;-10.38671875
0;30800;ASH_COATED_OSMIUM;9990;29;;;;;10009;10;;;;;9999.5;-10.2138671875
0;30900;ASH_COATED_OSMIUM;9993;11;;;;;10009;11;10011;21;;;10001.0;-10.3037109375
0;31000;ASH_COATED_OSMIUM;9990;26;;;;;10009;12;10011;26;;;9999.5;-10.2470703125
0;31100;ASH_COATED_OSMIUM;9990;23;;;;;10008;13;;;;;9999.0;-10.7001953125
0;31200;ASH_COATED_OSMIUM;9993;15;9990;21;;;10009;15;;;;;10001.0;-10.0439453125
0;31300;ASH_COATED_OSMIUM;9993;14;;;;;10009;14;10011;20;;;10001.0;-10.3017578125
0;31400;ASH_COATED_OSMIUM;9998;5;9993;11;9990;22;10011;22;;;;;10004.5;-10.08984375
0;31500;ASH_COATED_OSMIUM;9993;11;9990;21;;;10009;11;;;;;10001.0;-10.0126953125
0;31600;ASH_COATED_OSMIUM;9993;13;9990;24;;;10009;13;10011;24;;;10001.0;-10.0693359375
0;31700;ASH_COATED_OSMIUM;9993;10;9990;29;;;10009;10;10011;29;;;10001.0;-10.0166015625
0;31800;ASH_COATED_OSMIUM;9993;13;9990;22;;;10009;13;10011;22;;;10001.0;-10.326171875
0;31900;ASH_COATED_OSMIUM;9993;11;9990;26;;;10009;11;10011;26;;;10001.0;-10.1162109375
0;32000;ASH_COATED_OSMIUM;9993;15;9990;20;;;10009;15;10011;20;;;10001.0;-10.0234375
0;32100;ASH_COATED_OSMIUM;9991;25;;;;;10009;12;10012;25;;;10000.0;-9.724609375
0;32200;ASH_COATED_OSMIUM;9999;2;9994;13;9991;24;10010;13;10012;24;;;10004.5;-9.482421875
0;32300;ASH_COATED_OSMIUM;9993;13;9991;30;;;10009;13;10012;30;;;10001.0;-9.6416015625
0;32400;ASH_COATED_OSMIUM;9993;15;9991;29;;;10009;15;;;;;10001.0;-9.91015625
0;32500;ASH_COATED_OSMIUM;9993;15;9990;24;;;10002;3;10009;15;10011;24;9997.5;-10.1513671875
0;32600;ASH_COATED_OSMIUM;9990;26;;;;;10009;12;10011;26;;;9999.5;-10.380859375
0;32700;ASH_COATED_OSMIUM;;;;;;;10008;10;10011;30;;;10008.0;-10.740234375
0;32800;ASH_COATED_OSMIUM;9992;11;9990;29;;;10008;11;10011;29;;;10000.0;-10.9755859375
0;32900;ASH_COATED_OSMIUM;9990;20;;;;;10008;10;;;;;9999.0;-10.7900390625
0;33000;ASH_COATED_OSMIUM;9992;13;9990;28;;;10008;13;10011;28;;;10000.0;-10.767578125
0;33100;ASH_COATED_OSMIUM;9990;25;;;;;10008;13;;;;;9999.0;-10.7822265625
0;33200;ASH_COATED_OSMIUM;9992;15;9990;23;;;10008;15;10011;23;;;10000.0;-10.966796875
0;33300;ASH_COATED_OSMIUM;9992;10;9990;30;;;10008;10;;;;;10000.0;-10.513671875
0;33400;ASH_COATED_OSMIUM;9993;13;9990;20;;;10009;13;10011;20;;;10001.0;-10.4326171875
0;33500;ASH_COATED_OSMIUM;9990;21;;;;;10011;21;;;;;10000.5;-10.3369140625
0;33600;ASH_COATED_OSMIUM;9999;3;9993;13;9991;27;10009;13;;;;;10004.0;-9.962890625
0;33700;ASH_COATED_OSMIUM;9991;25;;;;;10009;13;;;;;10000.0;-9.6005859375
0;33800;ASH_COATED_OSMIUM;9991;21;;;;;;;;;;;9991.0;-9.2314453125
0;33900;ASH_COATED_OSMIUM;9994;12;;;;;10010;12;;;;;10002.0;-8.734375
0;34000;ASH_COATED_OSMIUM;9994;13;9991;28;;;10010;13;10012;28;;;10002.0;-9.2255859375
0;34100;ASH_COATED_OSMIUM;9994;12;9991;25;;;10010;12;;;;;10002.0;-9.3603515625
0;34200;ASH_COATED_OSMIUM;9993;15;9990;30;;;10009;15;10011;30;;;10001.0;-10.1298828125
0;34300;ASH_COATED_OSMIUM;9993;15;9990;28;;;;;;;;;9993.0;-10.43359375
0;34400;ASH_COATED_OSMIUM;9990;28;;;;;10009;12;10011;28;;;9999.5;-10.220703125
0;34500;ASH_COATED_OSMIUM;9993;12;9991;22;;;10009;12;;;;;10001.0;-9.9619140625
0;34600;ASH_COATED_OSMIUM;9991;24;;;;;10009;10;10012;24;;;10000.0;-9.802734375
0;34700;ASH_COATED_OSMIUM;9993;14;9990;23;;;10009;14;;;;;10001.0;-10.1083984375
0;34800;ASH_COATED_OSMIUM;9993;11;9991;22;;;10009;11;10012;22;;;10001.0;-9.88671875
0;34900;ASH_COATED_OSMIUM;9993;15;;;;;10009;15;;;;;10001.0;-9.951171875
0;35000;ASH_COATED_OSMIUM;9993;10;9990;29;;;10009;10;10011;29;;;10001.0;-10.0537109375
0;35100;ASH_COATED_OSMIUM;9993;13;9991;21;;;10009;13;10012;21;;;10001.0;-9.74609375
0;35200;ASH_COATED_OSMIUM;9993;15;9991;24;;;10009;15;10012;24;;;10001.0;-9.7412109375
0;35300;ASH_COATED_OSMIUM;9993;14;9991;22;;;10009;14;10012;22;;;10001.0;-9.6826171875
0;35400;ASH_COATED_OSMIUM;9994;10;9991;25;;;10012;25;;;;;10003.0;-9.3583984375
0;35500;ASH_COATED_OSMIUM;9993;11;9991;27;;;10012;27;;;;;10002.5;-9.6494140625
0;35600;ASH_COATED_OSMIUM;;;;;;;;;;;;;0.0;-9.673828125
0;35700;ASH_COATED_OSMIUM;9993;14;9991;29;;;10009;14;10012;29;;;10001.0;-9.5302734375
0;35800;ASH_COATED_OSMIUM;9993;14;9991;21;;;10009;14;10012;21;;;10001.0;-9.75
0;35900;ASH_COATED_OSMIUM;9993;10;9991;28;;;10009;10;;;;;10001.0;-9.83203125
0;36000;ASH_COATED_OSMIUM;9993;12;9991;30;;;10009;12;10012;30;;;10001.0;-9.84765625
0;36100;ASH_COATED_OSMIUM;9993;14;9991;21;;;10009;14;;;;;10001.0;-9.72265625
0;36200;ASH_COATED_OSMIUM;9993;12;;;;;10009;12;10012;29;;;10001.0;-9.7314453125
0;36300;ASH_COATED_OSMIUM;9992;13;9990;30;;;10002;5;10011;30;;;9997.0;-10.6337890625
0;36400;ASH_COATED_OSMIUM;9992;12;9990;28;;;10002;5;10008;12;10011;28;9997.0;-10.8798828125
0;36500;ASH_COATED_OSMIUM;9992;14;9989;27;;;10008;14;10010;27;;;10000.0;-11.3076171875
0;36600;ASH_COATED_OSMIUM;9989;30;;;;;10008;11;10010;30;;;9998.5;-11.3408203125
0;36700;ASH_COATED_OSMIUM;9992;11;;;;;10010;21;;;;;10001.0;-11.197265625
0;36800;ASH_COATED_OSMIUM;9992;13;9989;23;;;10008;13;10010;23;;;10000.0;-11.435546875
0;36900;ASH_COATED_OSMIUM;9989;22;;;;;10008;11;10010;22;;;9998.5;-11.0029296875
0;37000;ASH_COATED_OSMIUM;9990;20;;;;;10008;12;10011;20;;;9999.0;-10.587890625
0;37100;ASH_COATED_OSMIUM;9992;15;9990;24;;;10011;24;;;;;10001.5;-10.6767578125
0;37200;ASH_COATED_OSMIUM;9989;27;;;;;10010;27;;;;;9999.5;-11.2314453125
0;37300;ASH_COATED_OSMIUM;9992;11;9989;22;;;10008;11;10010;22;;;10000.0;-11.0927734375
0;37400;ASH_COATED_OSMIUM;9992;13;9990;22;;;10008;13;10011;22;;;10000.0;-10.9375
0;37500;ASH_COATED_OSMIUM;9992;10;9990;30;;;10008;10;10011;30;;;10000.0;-10.7080078125
0;37600;ASH_COATED_OSMIUM;9992;11;9990;24;;;10011;24;;;;;10001.5;-10.626953125
0;37700;ASH_COATED_OSMIUM;9990;20;;;;;10009;11;10011;20;;;9999.5;-10.4482421875
0;37800;ASH_COATED_OSMIUM;9993;15;9991;23;;;10009;15;;;;;10001.0;-9.9521484375
0;37900;ASH_COATED_OSMIUM;9992;11;9990;27;;;10008;11;10011;27;;;10000.0;-10.7392578125
0;38000;ASH_COATED_OSMIUM;9993;13;9990;30;;;10009;13;;;;;10001.0;-10.447265625
0;38100;ASH_COATED_OSMIUM;9993;13;9990;28;;;10009;13;;;;;10001.0;-10.302734375
0;38200;ASH_COATED_OSMIUM;9993;12;9990;29;;;10009;12;10011;29;;;10001.0;-10.484375
0;38300;ASH_COATED_OSMIUM;9993;11;;;;;10009;11;10011;22;;;10001.0;-10.4765625
0;38400;ASH_COATED_OSMIUM;9993;11;9990;29;;;10009;11;10011;29;;;10001.0;-10.1142578125
0;38500;ASH_COATED_OSMIUM;9993;12;9991;22;;;10009;12;10012;22;;;10001.0;-9.9912109375
0;38600;ASH_COATED_OSMIUM;9993;12;9990;29;;;10009;12;10011;29;;;10001.0;-10.2666015625
0;38700;ASH_COATED_OSMIUM;;;;;;;10011;20;;;;;10011.0;-10.705078125
0;38800;ASH_COATED_OSMIUM;9990;25;;;;;10009;12;10011;25;;;9999.5;-10.4130859375
0;38900;ASH_COATED_OSMIUM;9990;23;;;;;10008;14;10011;23;;;9999.0;-10.9287109375
0;39000;ASH_COATED_OSMIUM;9990;23;;;;;10008;14;;;;;9999.0;-10.7216796875
0;39100;ASH_COATED_OSMIUM;9993;15;9990;28;;;10009;15;10011;28;;;10001.0;-10.24609375
0;39200;ASH_COATED_OSMIUM;9993;13;9990;21;;;10009;13;10011;21;;;10001.0;-10.134765625
0;39300;ASH_COATED_OSMIUM;10002;10;9993;10;9990;24;10009;10;;;;;10005.5;-10.2041015625
0;39400;ASH_COATED_OSMIUM;9993;10;;;;;;;;;;;9993.0;-10.095703125
0;39500;ASH_COATED_OSMIUM;9993;10;9991;29;;;10012;29;;;;;10002.5;-9.9111328125
0;39600;ASH_COATED_OSMIUM;9993;15;9991;30;;;10009;15;10012;30;;;10001.0;-9.841796875
0;39700;ASH_COATED_OSMIUM;9993;15;;;;;10009;15;10012;29;;;10001.0;-9.5791015625
0;39800;ASH_COATED_OSMIUM;9994;10;9991;22;;;10010;10;10012;22;;;10002.0;-9.3212890625
0;39900;ASH_COATED_OSMIUM;9994;12;;;;;10010;12;;;;;10002.0;-9.37109375
0;40000;ASH_COATED_OSMIUM;9993;15;9991;25;;;10009;15;;;;;10001.0;-9.580078125
0;40100;ASH_COATED_OSMIUM;9994;10;9991;30;;;10010;10;10012;30;;;10002.0;-9.408203125
0;40200;ASH_COATED_OSMIUM;9994;12;9991;24;;;10010;12;10012;24;;;10002.0;-9.4453125
0;40300;ASH_COATED_OSMIUM;9994;10;9991;29;;;10010;10;10012;29;;;10002.0;-9.095703125
0;40400;ASH_COATED_OSMIUM;9993;12;9991;23;;;10009;12;10012;23;;;10001.0;-9.763671875
0;40500;ASH_COATED_OSMIUM;9993;14;9990;21;;;10009;14;10011;21;;;10001.0;-10.0390625
0;40600;ASH_COATED_OSMIUM;9993;15;9990;28;;;10009;15;;;;;10001.0;-10.138671875
0;40700;ASH_COATED_OSMIUM;9993;10;;;;;10011;29;;;;;10002.0;-10.1845703125
0;40800;ASH_COATED_OSMIUM;9993;12;9990;21;;;10009;12;10011;21;;;10001.0;-10.0712890625
0;40900;ASH_COATED_OSMIUM;9993;12;9990;25;;;10009;12;10011;25;;;10001.0;-10.3798828125
0;41000;ASH_COATED_OSMIUM;9993;10;;;;;10009;10;10011;20;;;10001.0;-10.2822265625
0;41100;ASH_COATED_OSMIUM;9993;13;9990;23;;;10009;13;10011;23;;;10001.0;-10.365234375
0;41200;ASH_COATED_OSMIUM;9992;12;;;;;10008;12;10011;20;;;10000.0;-10.6337890625
0;41300;ASH_COATED_OSMIUM;;;;;;;10008;14;10011;27;;;10008.0;-10.9794921875
0;41400;ASH_COATED_OSMIUM;9993;12;;;;;10009;12;10011;29;;;10001.0;-10.3349609375
0;41500;ASH_COATED_OSMIUM;9993;14;;;;;;;;;;;9993.0;-10.494140625
0;41600;ASH_COATED_OSMIUM;9992;14;9990;26;;;10011;26;;;;;10001.5;-10.59375
0;41700;ASH_COATED_OSMIUM;9992;14;9990;23;;;10008;14;10011;23;;;10000.0;-10.939453125
0;41800;ASH_COATED_OSMIUM;9989;21;;;;;10008;11;;;;;9998.5;-11.158203125
0;41900;ASH_COATED_OSMIUM;9993;14;9990;28;;;10009;14;10011;28;;;10001.0;-10.4970703125
0;42000;ASH_COATED_OSMIUM;9993;15;9990;27;;;10009;15;10011;27;;;10001.0;-10.126953125
0;42100;ASH_COATED_OSMIUM;9993;15;9990;22;;;10009;15;10011;22;;;10001.0;-10.3310546875
0;42200;ASH_COATED_OSMIUM;9990;22;;;;;10011;22;;;;;10000.5;-10.62890625
0;42300;ASH_COATED_OSMIUM;9993;10;9990;20;;;10009;10;;;;;10001.0;-10.4208984375
0;42400;ASH_COATED_OSMIUM;9993;11;9990;26;;;10002;4;10009;11;;;9997.5;-10.025390625
0;42500;ASH_COATED_OSMIUM;9993;10;9991;24;;;10009;10;10012;24;;;10001.0;-9.96875
0;42600;ASH_COATED_OSMIUM;9993;12;9991;28;;;10009;12;10012;28;;;10001.0;-9.5732421875
0;42700;ASH_COATED_OSMIUM;9994;12;;;;;10010;12;10012;23;;;10002.0;-9.3701171875
0;42800;ASH_COATED_OSMIUM;9994;14;;;;;10010;14;10012;29;;;10002.0;-9.337890625
0;42900;ASH_COATED_OSMIUM;9993;13;9991;20;;;10009;13;10012;20;;;10001.0;-9.708984375
0;43000;ASH_COATED_OSMIUM;9993;10;;;;;10009;10;10012;26;;;10001.0;-9.89453125
0;43100;ASH_COATED_OSMIUM;9993;11;9991;24;;;10012;24;;;;;10002.5;-9.8564453125
0;43200;ASH_COATED_OSMIUM;9993;13;9991;29;;;10009;13;10012;29;;;10001.0;-9.90625
0;43300;ASH_COATED_OSMIUM;9993;15;;;;;10009;15;10011;20;;;10001.0;-10.0771484375
0;43400;ASH_COATED_OSMIUM;9993;11;9991;22;;;10009;11;;;;;10001.0;-9.740234375
0;43500;ASH_COATED_OSMIUM;9993;15;9991;24;;;10009;15;10012;24;;;10001.0;-9.5361328125
0;43600;ASH_COATED_OSMIUM;9993;14;9990;22;;;10009;14;10011;22;;;10001.0;-10.2314453125
0;43700;ASH_COATED_OSMIUM;9990;29;;;;;10011;29;;;;;10000.5;-10.265625
0;43800;ASH_COATED_OSMIUM;9993;12;;;;;10009;12;;;;;10001.0;-10.0126953125
0;43900;ASH_COATED_OSMIUM;9993;12;9991;24;;;10009;12;10012;24;;;10001.0;-9.77734375
0;44000;ASH_COATED_OSMIUM;;;;;;;10009;15;;;;;10009.0;-10.0830078125
0;44100;ASH_COATED_OSMIUM;9990;22;;;;;10009;14;;;;;9999.5;-10.1328125
0;44200;ASH_COATED_OSMIUM;9993;11;;;;;10009;11;;;;;10001.0;-10.05859375
0;44300;ASH_COATED_OSMIUM;9993;14;9991;24;;;10009;14;10012;24;;;10001.0;-9.8994140625
0;44400;ASH_COATED_OSMIUM;9993;12;9991;25;;;10009;12;;;;;10001.0;-9.5283203125
0;44500;ASH_COATED_OSMIUM;;;;;;;10010;12;10012;30;;;10010.0;-9.388671875
0;44600;ASH_COATED_OSMIUM;9993;11;9991;21;;;10009;11;;;;;10001.0;-9.57421875
0;44700;ASH_COATED_OSMIUM;9993;11;9991;25;;;10009;11;10012;25;;;10001.0;-9.6455078125
0;44800;ASH_COATED_OSMIUM;9993;14;9991;25;;;9999;4;10012;25;;;9996.0;-9.8388671875
0;44900;ASH_COATED_OSMIUM;9993;15;9990;21;;;10009;15;10011;21;;;10001.0;-10.0791015625
0;45000;ASH_COATED_OSMIUM;9992;13;;;;;10011;27;;;;;10001.5;-10.671875
0;45100;ASH_COATED_OSMIUM;9992;10;9990;27;;;10008;10;10011;27;;;10000.0;-10.7470703125
0;45200;ASH_COATED_OSMIUM;9992;14;9990;20;;;10011;20;;;;;10001.5;-10.708984375
0;45300;ASH_COATED_OSMIUM;9992;14;9990;23;;;9998;6;10002;3;10008;14;9995.0;-10.634765625
0;45400;ASH_COATED_OSMIUM;9990;25;;;;;10011;25;;;;;10000.5;-10.537109375
0;45500;ASH_COATED_OSMIUM;9992;10;9990;20;;;10008;10;10011;20;;;10000.0;-10.7568359375
0;45600;ASH_COATED_OSMIUM;9989;23;;;;;10008;15;10010;23;;;9998.5;-11.0947265625
0;45700;ASH_COATED_OSMIUM;9992;12;;;;;10011;21;;;;;10001.5;-10.888671875
0;45800;ASH_COATED_OSMIUM;9991;10;9989;30;;;10007;10;;;;;9999.0;-11.6806640625
0;45900;ASH_COATED_OSMIUM;9992;15;9989;25;;;10008;15;10010;25;;;10000.0;-11.4345703125
0;46000;ASH_COATED_OSMIUM;9991;13;9989;23;;;10001;4;10010;23;;;9996.0;-11.724609375
0;46100;ASH_COATED_OSMIUM;9989;25;;;;;10007;12;10010;25;;;9998.0;-11.541015625
0;46200;ASH_COATED_OSMIUM;9992;10;9989;24;;;10008;10;10010;24;;;10000.0;-11.216796875
0;46300;ASH_COATED_OSMIUM;9989;26;;;;;10008;12;10010;26;;;9998.5;-11.11328125
0;46400;ASH_COATED_OSMIUM;9992;11;9989;24;;;10008;11;;;;;10000.0;-11.0673828125
0;46500;ASH_COATED_OSMIUM;9992;13;9989;29;;;10008;13;10010;29;;;10000.0;-11.21875
0;46600;ASH_COATED_OSMIUM;9991;11;9989;28;;;10010;28;;;;;10000.5;-11.6162109375
0;46700;ASH_COATED_OSMIUM;9989;29;;;;;10007;14;10010;29;;;9998.0;-11.974609375
0;46800;ASH_COATED_OSMIUM;9988;25;;;;;10007;13;10009;25;;;9997.5;-12.3076171875
0;46900;ASH_COATED_OSMIUM;9991;11;9989;29;;;10007;11;10010;29;;;9999.0;-11.923828125
0;47000;ASH_COATED_OSMIUM;9991;14;9989;22;;;10007;14;;;;;9999.0;-11.95703125
0;47100;ASH_COATED_OSMIUM;9992;15;9989;22;;;10008;15;10010;22;;;10000.0;-11.3125
0;47200;ASH_COATED_OSMIUM;9991;15;9989;21;;;10001;2;10007;15;10010;21;9996.0;-11.9599609375
0;47300;ASH_COATED_OSMIUM;9991;10;9988;21;;;10007;10;;;;;9999.0;-12.08203125
0;47400;ASH_COATED_OSMIUM;9988;22;;;;;10007;11;10009;22;;;9997.5;-12.2158203125
0;47500;ASH_COATED_OSMIUM;9987;21;;;;;10006;12;;;;;9996.5;-13.0458984375
0;47600;ASH_COATED_OSMIUM;9990;11;9988;21;;;10009;21;;;;;9999.5;-12.9287109375
0;47700;ASH_COATED_OSMIUM;9990;11;9988;23;;;10000;5;10006;11;;;9995.0;-12.83984375
0;47800;ASH_COATED_OSMIUM;9990;10;9988;20;;;10006;10;;;;;9998.0;-12.7529296875
0;47900;ASH_COATED_OSMIUM;9988;23;;;;;10009;23;;;;;9998.5;-12.54296875
0;48000;ASH_COATED_OSMIUM;9990;14;9988;26;;;10006;14;10009;26;;;9998.0;-12.5966796875
0;48100;ASH_COATED_OSMIUM;9990;11;9988;29;;;10006;11;10009;29;;;9998.0;-12.6015625
0;48200;ASH_COATED_OSMIUM;9990;15;9988;26;;;10006;15;10009;26;;;9998.0;-12.609375
0;48300;ASH_COATED_OSMIUM;9988;20;;;;;10006;15;10009;20;;;9997.0;-12.6005859375
0;48400;ASH_COATED_OSMIUM;9990;11;9988;30;;;10009;30;;;;;9999.5;-12.9384765625
0;48500;ASH_COATED_OSMIUM;9990;14;9988;29;;;10006;14;10009;29;;;9998.0;-12.5810546875
0;48600;ASH_COATED_OSMIUM;9990;14;9988;26;;;10006;14;10009;26;;;9998.0;-12.8408203125
0;48700;ASH_COATED_OSMIUM;9990;13;9988;22;;;10006;13;10009;22;;;9998.0;-12.8671875
0;48800;ASH_COATED_OSMIUM;9990;10;9988;28;;;10006;10;10009;28;;;9998.0;-12.580078125
0;48900;ASH_COATED_OSMIUM;9988;22;;;;;10007;15;10009;22;;;9997.5;-12.3974609375
0;49000;ASH_COATED_OSMIUM;9991;12;;;;;10009;28;;;;;10000.0;-12.390625
0;49100;ASH_COATED_OSMIUM;10000;10;9991;13;9988;30;10007;13;10009;30;;;10003.5;-12.1943359375
0;49200;ASH_COATED_OSMIUM;9990;11;;;;;10006;11;;;;;9998.0;-12.55078125
0;49300;ASH_COATED_OSMIUM;9990;12;9987;29;;;10008;29;;;;;9999.0;-13.1416015625
0;49400;ASH_COATED_OSMIUM;9990;13;9987;22;;;10006;13;;;;;9998.0;-13.296875
0;49500;ASH_COATED_OSMIUM;9990;12;9987;24;;;10006;12;10008;24;;;9998.0;-13.0966796875
0;49600;ASH_COATED_OSMIUM;9990;15;9988;28;;;10006;15;10009;28;;;9998.0;-12.9052734375
0;49700;ASH_COATED_OSMIUM;9990;13;9988;21;;;10006;13;10009;21;;;9998.0;-12.9423828125
0;49800;ASH_COATED_OSMIUM;9991;15;;;;;10009;20;;;;;10000.0;-12.255859375
0;49900;ASH_COATED_OSMIUM;9991;14;;;;;10007;14;;;;;9999.0;-11.9921875
0;50000;ASH_COATED_OSMIUM;9988;24;;;;;10007;12;10009;24;;;9997.5;-12.10546875
0;50100;ASH_COATED_OSMIUM;9991;14;9988;22;;;10007;14;10009;22;;;9999.0;-12.2763671875
0;50200;ASH_COATED_OSMIUM;9988;28;;;;;10007;12;10009;28;;;9997.5;-12.416015625
0;50300;ASH_COATED_OSMIUM;9990;12;9988;23;;;10006;12;;;;;9998.0;-12.623046875
0;50400;ASH_COATED_OSMIUM;9991;15;;;;;10007;15;10009;21;;;9999.0;-12.466796875
0;50500;ASH_COATED_OSMIUM;9990;13;;;;;10006;13;10009;27;;;9998.0;-12.6015625
0;50600;ASH_COATED_OSMIUM;9988;22;;;;;10006;14;10009;22;;;9997.0;-12.7041015625
0;50700;ASH_COATED_OSMIUM;9990;15;9988;20;;;10006;15;10009;20;;;9998.0;-12.66015625
0;50800;ASH_COATED_OSMIUM;9990;14;;;;;10006;14;10009;26;;;9998.0;-12.6298828125
0;50900;ASH_COATED_OSMIUM;9990;11;9988;30;;;10006;11;;;;;9998.0;-12.9375
0;51000;ASH_COATED_OSMIUM;9987;23;;;;;10008;23;;;;;9997.5;-13.3515625
0;51100;ASH_COATED_OSMIUM;9990;15;;;;;10006;15;10009;29;;;9998.0;-12.5498046875
0;51200;ASH_COATED_OSMIUM;9991;13;9989;30;;;10010;30;;;;;10000.5;-11.7626953125
0;51300;ASH_COATED_OSMIUM;9989;23;;;;;10007;13;10010;23;;;9998.0;-11.7890625
0;51400;ASH_COATED_OSMIUM;9989;22;;;;;10010;22;;;;;9999.5;-11.86328125
0;51500;ASH_COATED_OSMIUM;9991;15;9988;21;;;10007;15;10009;21;;;9999.0;-12.1162109375
0;51600;ASH_COATED_OSMIUM;9988;21;;;;;10007;12;;;;;9997.5;-12.1005859375
0;51700;ASH_COATED_OSMIUM;9988;30;;;;;10009;30;;;;;9998.5;-12.5185546875
0;51800;ASH_COATED_OSMIUM;;;;;;;10007;10;10009;25;;;10007.0;-12.3017578125
0;51900;ASH_COATED_OSMIUM;9988;26;;;;;10007;11;10009;26;;;9997.5;-12.1884765625
0;52000;ASH_COATED_OSMIUM;9988;21;;;;;10009;21;;;;;9998.5;-12.150390625
0;52100;ASH_COATED_OSMIUM;9992;11;9989;27;;;10008;11;10010;27;;;10000.0;-11.326171875
0;52200;ASH_COATED_OSMIUM;9991;10;9989;23;;;10007;10;10010;23;;;9999.0;-11.923828125
0;52300;ASH_COATED_OSMIUM;9991;12;9989;30;;;10007;12;10010;30;;;9999.0;-11.9814453125
0;52400;ASH_COATED_OSMIUM;9990;14;9988;20;;;10000;2;10009;20;;;9995.0;-12.849609375
0;52500;ASH_COATED_OSMIUM;9990;15;;;;;10008;25;;;;;9999.0;-13.279296875
0;52600;ASH_COATED_OSMIUM;9987;30;;;;;10006;14;;;;;9996.5;-13.3505859375
0;52700;ASH_COATED_OSMIUM;9990;12;9987;24;;;10006;12;10008;24;;;9998.0;-13.2109375
0;52800;ASH_COATED_OSMIUM;9987;26;;;;;10005;14;10008;26;;;9996.0;-13.7939453125
0;52900;ASH_COATED_OSMIUM;9989;10;9986;26;;;10005;10;;;;;9997.0;-14.1669921875
0;53000;ASH_COATED_OSMIUM;9989;13;9986;29;;;10005;13;10007;29;;;9997.0;-14.01171875
0;53100;ASH_COATED_OSMIUM;9989;15;9986;21;;;10007;21;;;;;9998.0;-14.2451171875
0;53200;ASH_COATED_OSMIUM;9989;14;;;;;10005;14;;;;;9997.0;-13.6650390625
0;53300;ASH_COATED_OSMIUM;9987;20;;;;;10006;13;10008;20;;;9996.5;-13.2197265625
0;53400;ASH_COATED_OSMIUM;9987;30;;;;;10006;14;;;;;9996.5;-13.0224609375
0;53500;ASH_COATED_OSMIUM;9990;13;9987;25;;;10006;13;;;;;9998.0;-13.3984375
0;53600;ASH_COATED_OSMIUM;9990;14;9987;22;;;10006;14;10008;22;;;9998.0;-13.3994140625
0;53700;ASH_COATED_OSMIUM;9999;7;9995;5;9990;14;10008;23;;;;;10003.5;-13.41796875
0;53800;ASH_COATED_OSMIUM;9990;12;9987;29;;;;;;;;;9990.0;-13.32421875
0;53900;ASH_COATED_OSMIUM;9989;13;9987;25;;;10005;13;;;;;9997.0;-13.568359375
0;54000;ASH_COATED_OSMIUM;9989;15;9986;21;;;10005;15;10007;21;;;9997.0;-14.1484375
0;54100;ASH_COATED_OSMIUM;9989;13;9986;21;;;10005;13;10007;21;;;9997.0;-14.0390625
0;54200;ASH_COATED_OSMIUM;9989;15;;;;;10005;15;10007;20;;;9997.0;-14.2060546875
0;54300;ASH_COATED_OSMIUM;9988;10;;;;;10004;10;10007;26;;;9996.0;-14.51171875
0;54400;ASH_COATED_OSMIUM;9988;14;9986;22;;;10004;14;10007;22;;;9996.0;-14.568359375
0;54500;ASH_COATED_OSMIUM;9988;11;9986;27;;;10007;27;;;;;9997.5;-14.734375
0;54600;ASH_COATED_OSMIUM;9986;29;;;;;10004;10;10007;29;;;9995.0;-14.67578125
0;54700;ASH_COATED_OSMIUM;9988;10;;;;;10004;10;;;;;9996.0;-14.52734375
0;54800;ASH_COATED_OSMIUM;9988;10;;;;;10004;10;10007;23;;;9996.0;-14.681640625
0;54900;ASH_COATED_OSMIUM;9988;13;9986;22;;;10007;22;;;;;9997.5;-14.76953125
0;55000;ASH_COATED_OSMIUM;9986;20;;;;;10004;10;;;;;9995.0;-14.513671875
0;55100;ASH_COATED_OSMIUM;9988;11;9986;24;;;10004;11;10007;24;;;9996.0;-14.8662109375
0;55200;ASH_COATED_OSMIUM;9988;14;9985;25;;;10004;14;10006;25;;;9996.0;-15.248046875
0;55300;ASH_COATED_OSMIUM;9988;11;9986;22;;;10004;11;;;;;9996.0;-14.826171875
0;55400;ASH_COATED_OSMIUM;9988;12;9985;27;;;10004;12;10006;27;;;9996.0;-15.076171875
0;55500;ASH_COATED_OSMIUM;9988;14;9986;22;;;10004;14;10007;22;;;9996.0;-14.947265625
0;55600;ASH_COATED_OSMIUM;9988;14;9985;23;;;10004;14;10006;23;;;9996.0;-15.048828125
0;55700;ASH_COATED_OSMIUM;9988;10;9985;21;;;10006;21;;;;;9997.0;-15.0830078125
0;55800;ASH_COATED_OSMIUM;;;;;;;10004;12;;;;;10004.0;-15.4609375
0;55900;ASH_COATED_OSMIUM;;;;;;;10004;14;;;;;10004.0;-15.1748046875
0;56000;ASH_COATED_OSMIUM;9988;11;9985;24;;;9997;2;10004;11;;;9992.5;-15.0458984375
0;56100;ASH_COATED_OSMIUM;9986;27;;;;;10004;11;10007;27;;;9995.0;-14.77734375
0;56200;ASH_COATED_OSMIUM;9988;13;9986;30;;;10007;30;;;;;9997.5;-14.7568359375
0;56300;ASH_COATED_OSMIUM;9988;14;9986;28;;;10004;14;;;;;9996.0;-14.7958984375
0;56400;ASH_COATED_OSMIUM;9997;9;;;;;10004;10;10006;27;;;10000.5;-15.314453125
0;56500;ASH_COATED_OSMIUM;9987;14;9985;21;;;10003;14;10006;21;;;9995.0;-15.5224609375
0;56600;ASH_COATED_OSMIUM;9988;10;9985;28;;;10004;10;10006;28;;;9996.0;-15.2158203125
0;56700;ASH_COATED_OSMIUM;9988;12;9985;27;;;10006;27;;;;;9997.0;-15.16796875
0;56800;ASH_COATED_OSMIUM;9988;14;9986;23;;;10004;14;;;;;9996.0;-14.8359375
0;56900;ASH_COATED_OSMIUM;9989;10;9986;20;;;10005;10;10007;20;;;9997.0;-14.166015625
0;57000;ASH_COATED_OSMIUM;9998;6;9986;20;;;10005;15;;;;;10001.5;-14.4072265625
0;57100;ASH_COATED_OSMIUM;9988;12;9986;24;;;10004;12;10007;24;;;9996.0;-14.5517578125
0;57200;ASH_COATED_OSMIUM;9989;13;9986;25;;;10005;13;10007;25;;;9997.0;-14.248046875
0;57300;ASH_COATED_OSMIUM;9989;11;;;;;9994;9;10005;11;10007;30;9991.5;-14.3017578125
0;57400;ASH_COATED_OSMIUM;9988;13;9986;27;;;10007;27;;;;;9997.5;-14.6513671875
0;57500;ASH_COATED_OSMIUM;9985;21;;;;;10004;14;10006;21;;;9994.5;-15.2978515625
0;57600;ASH_COATED_OSMIUM;;;;;;;10006;20;;;;;10006.0;-15.8740234375
0;57700;ASH_COATED_OSMIUM;9987;12;9985;21;;;10003;12;10006;21;;;9995.0;-15.6748046875
0;57800;ASH_COATED_OSMIUM;9987;15;9985;26;;;10006;26;;;;;9996.5;-15.8515625
0;57900;ASH_COATED_OSMIUM;9987;15;9985;26;;;10006;26;;;;;9996.5;-15.7431640625
0;58000;ASH_COATED_OSMIUM;9987;15;9985;28;;;10003;15;;;;;9995.0;-15.61328125
0;58100;ASH_COATED_OSMIUM;9987;12;9985;20;;;10003;12;10006;20;;;9995.0;-15.8955078125
0;58200;ASH_COATED_OSMIUM;9987;13;9985;27;;;10003;13;10006;27;;;9995.0;-15.6904296875
0;58300;ASH_COATED_OSMIUM;9987;10;;;;;;;;;;;9987.0;-15.919921875
0;58400;ASH_COATED_OSMIUM;9984;25;;;;;10005;25;;;;;9994.5;-16.1943359375
0;58500;ASH_COATED_OSMIUM;9987;11;9984;20;;;10003;11;10005;20;;;9995.0;-16.197265625
0;58600;ASH_COATED_OSMIUM;9987;14;;;;;10003;14;10005;22;;;9995.0;-16.3701171875
0;58700;ASH_COATED_OSMIUM;9984;29;;;;;10003;15;10005;29;;;9993.5;-16.09375
0;58800;ASH_COATED_OSMIUM;9987;12;9984;30;;;;;;;;;9987.0;-16.236328125
0;58900;ASH_COATED_OSMIUM;9987;11;9985;23;;;10003;11;10006;23;;;9995.0;-15.541015625
0;59000;ASH_COATED_OSMIUM;9987;11;;;;;;;;;;;9987.0;-15.8720703125
0;59100;ASH_COATED_OSMIUM;9987;12;9985;20;;;10006;20;;;;;9996.5;-15.6494140625
0;59200;ASH_COATED_OSMIUM;9987;15;9984;23;;;10003;15;10005;23;;;9995.0;-16.2666015625
0;59300;ASH_COATED_OSMIUM;9987;15;9984;22;;;10005;22;;;;;9996.0;-16.4013671875
0;59400;ASH_COATED_OSMIUM;9986;11;9983;23;;;10002;11;10004;23;;;9994.0;-17.0498046875
0;59500;ASH_COATED_OSMIUM;9986;10;9984;22;;;10002;10;;;;;9994.0;-16.6767578125
0;59600;ASH_COATED_OSMIUM;9986;15;9983;24;;;10002;15;10004;24;;;9994.0;-17.10546875
0;59700;ASH_COATED_OSMIUM;9986;13;9984;25;;;10002;13;10005;25;;;9994.0;-16.9794921875
0;59800;ASH_COATED_OSMIUM;9986;15;9983;22;;;10002;15;10004;22;;;9994.0;-17.2392578125
0;59900;ASH_COATED_OSMIUM;9987;12;;;;;10003;12;10005;23;;;9995.0;-16.4716796875
0;60000;ASH_COATED_OSMIUM;9987;12;9984;25;;;10003;12;10005;25;;;9995.0;-16.1025390625
0;60100;ASH_COATED_OSMIUM;9987;12;;;;;10003;12;10005;27;;;9995.0;-16.1796875
0;60200;ASH_COATED_OSMIUM;9987;13;9984;25;;;10005;25;;;;;9996.0;-16.3671875
0;60300;ASH_COATED_OSMIUM;9987;15;9984;23;;;10005;23;;;;;9996.0;-16.4541015625
0;60400;ASH_COATED_OSMIUM;9987;14;;;;;10003;14;10005;22;;;9995.0;-16.4013671875
0;60500;ASH_COATED_OSMIUM;9984;25;;;;;10003;12;;;;;9993.5;-16.111328125
0;60600;ASH_COATED_OSMIUM;9987;14;9985;21;;;10003;14;10006;21;;;9995.0;-15.9052734375
0;60700;ASH_COATED_OSMIUM;9988;14;9985;24;;;10004;14;10006;24;;;9996.0;-15.4296875
0;60800;ASH_COATED_OSMIUM;9987;15;9984;26;;;10003;15;;;;;9995.0;-16.041015625
0;60900;ASH_COATED_OSMIUM;9987;12;9985;29;;;10003;12;10006;29;;;9995.0;-15.5498046875
0;61000;ASH_COATED_OSMIUM;9988;15;9985;25;;;10004;15;10006;25;;;9996.0;-15.046875
0;61100;ASH_COATED_OSMIUM;9989;15;;;;;10007;29;;;;;9998.0;-14.3388671875
0;61200;ASH_COATED_OSMIUM;9989;11;;;;;;;;;;;9989.0;-14.2919921875
0;61300;ASH_COATED_OSMIUM;9989;14;9986;27;;;10005;14;10007;27;;;9997.0;-14.142578125
0;61400;ASH_COATED_OSMIUM;9989;13;9986;28;;;10005;13;10007;28;;;9997.0;-14.0966796875
0;61500;ASH_COATED_OSMIUM;9989;15;9986;22;;;;;;;;;9989.0;-14.1943359375
0;61600;ASH_COATED_OSMIUM;;;;;;;10005;13;10007;27;;;10005.0;-14.3310546875
0;61700;ASH_COATED_OSMIUM;9989;10;9986;21;;;10005;10;10007;21;;;9997.0;-14.3447265625
0;61800;ASH_COATED_OSMIUM;9989;14;;;;;10005;14;10007;24;;;9997.0;-14.015625
0;61900;ASH_COATED_OSMIUM;9989;13;9987;28;;;10005;13;10008;28;;;9997.0;-13.9140625
0;62000;ASH_COATED_OSMIUM;9989;10;9986;24;;;10005;10;10007;24;;;9997.0;-14.1103515625
0;62100;ASH_COATED_OSMIUM;9988;11;9986;25;;;10004;11;;;;;9996.0;-14.6728515625
0;62200;ASH_COATED_OSMIUM;9989;12;;;;;10005;12;10008;22;;;9997.0;-13.97265625
0;62300;ASH_COATED_OSMIUM;9989;13;9987;21;;;10005;13;10008;21;;;9997.0;-13.9833984375
0;62400;ASH_COATED_OSMIUM;9989;10;9987;24;;;10005;10;10008;24;;;9997.0;-13.689453125
0;62500;ASH_COATED_OSMIUM;9989;13;9987;25;;;10005;13;10008;25;;;9997.0;-13.5078125
0;62600;ASH_COATED_OSMIUM;9990;11;9987;21;;;10006;11;10008;21;;;9998.0;-13.4833984375
0;62700;ASH_COATED_OSMIUM;9989;10;;;;;10005;10;;;;;9997.0;-14.1923828125
0;62800;ASH_COATED_OSMIUM;9989;12;9986;22;;;10005;12;10007;22;;;9997.0;-14.26171875
0;62900;ASH_COATED_OSMIUM;9989;10;9986;20;;;10007;20;;;;;9998.0;-14.306640625
0;63000;ASH_COATED_OSMIUM;9986;30;;;;;10005;14;10007;30;;;9995.5;-14.27734375
0;63100;ASH_COATED_OSMIUM;9988;14;9986;30;;;10004;14;;;;;9996.0;-14.748046875
0;63200;ASH_COATED_OSMIUM;9986;24;;;;;10004;15;;;;;9995.0;-14.8076171875
0;63300;ASH_COATED_OSMIUM;9988;15;9986;30;;;10007;30;;;;;9997.5;-14.9755859375
0;63400;ASH_COATED_OSMIUM;;;;;;;10004;15;10006;22;;;10004.0;-15.00390625
0;63500;ASH_COATED_OSMIUM;9986;28;;;;;10004;12;10007;28;;;9995.0;-14.931640625
0;63600;ASH_COATED_OSMIUM;9986;22;;;;;;;;;;;9986.0;-14.5751953125
0;63700;ASH_COATED_OSMIUM;9989;10;9986;21;;;10005;10;10007;21;;;9997.0;-14.453125
0;63800;ASH_COATED_OSMIUM;9989;13;9986;27;;;;;;;;;9989.0;-14.28515625
0;63900;ASH_COATED_OSMIUM;9988;15;9986;22;;;10004;15;10007;22;;;9996.0;-14.5927734375
0;64000;ASH_COATED_OSMIUM;9986;30;;;;;10004;11;10007;30;;;9995.0;-14.982421875
0;64100;ASH_COATED_OSMIUM;9988;12;9985;26;;;10004;12;10006;26;;;9996.0;-15.1015625
0;64200;ASH_COATED_OSMIUM;9988;13;;;;;10004;13;10007;25;;;9996.0;-14.9501953125
0;64300;ASH_COATED_OSMIUM;9988;12;9986;20;;;10004;12;10007;20;;;9996.0;-14.6591796875
0;64400;ASH_COATED_OSMIUM;9988;12;;;;;10004;12;10007;27;;;9996.0;-14.7080078125
0;64500;ASH_COATED_OSMIUM;9988;10;9986;20;;;10004;10;10007;20;;;9996.0;-14.787109375
0;64600;ASH_COATED_OSMIUM;9988;13;9986;27;;;10004;13;10007;27;;;9996.0;-14.7353515625
0;64700;ASH_COATED_OSMIUM;9988;12;9986;28;;;10007;28;;;;;9997.5;-14.6455078125
0;64800;ASH_COATED_OSMIUM;9989;11;9986;20;;;10005;11;10007;20;;;9997.0;-14.306640625
0;64900;ASH_COATED_OSMIUM;9988;14;9986;30;;;;;;;;;9988.0;-14.7685546875
0;65000;ASH_COATED_OSMIUM;9988;15;9986;26;;;10007;26;;;;;9997.5;-14.9853515625
0;65100;ASH_COATED_OSMIUM;;;;;;;10003;12;;;;;10003.0;-15.7275390625
0;65200;ASH_COATED_OSMIUM;9987;12;9985;28;;;10003;12;10006;28;;;9995.0;-15.642578125
0;65300;ASH_COATED_OSMIUM;9988;14;9985;29;;;10004;14;;;;;9996.0;-15.3291015625
0;65400;ASH_COATED_OSMIUM;9988;12;9986;21;;;10004;12;;;;;9996.0;-14.6728515625
0;65500;ASH_COATED_OSMIUM;9989;14;9986;20;;;10005;14;;;;;9997.0;-14.412109375
0;65600;ASH_COATED_OSMIUM;9995;1;9989;15;9987;20;10008;20;;;;;10001.5;-13.951171875
0;65700;ASH_COATED_OSMIUM;9998;7;9988;14;9986;24;10004;14;10007;24;;;10001.0;-14.615234375
0;65800;ASH_COATED_OSMIUM;9989;10;;;;;10005;10;10007;30;;;9997.0;-14.20703125
0;65900;ASH_COATED_OSMIUM;9989;15;9986;24;;;10005;15;;;;;9997.0;-14.359375
0;66000;ASH_COATED_OSMIUM;9987;24;;;;;10005;14;;;;;9996.0;-13.916015625
0;66100;ASH_COATED_OSMIUM;9989;12;;;;;10005;12;10007;23;;;9997.0;-14.048828125
0;66200;ASH_COATED_OSMIUM;9990;15;;;;;10008;22;;;;;9999.0;-13.462890625
0;66300;ASH_COATED_OSMIUM;9989;13;9987;20;;;10005;13;10008;20;;;9997.0;-13.626953125
0;66400;ASH_COATED_OSMIUM;9994;4;9989;13;9986;24;10005;13;10007;24;;;9999.5;-14.01171875
0;66500;ASH_COATED_OSMIUM;9986;30;;;;;10005;10;10007;30;;;9995.5;-14.0751953125
0;66600;ASH_COATED_OSMIUM;9989;13;9986;29;;;10005;13;10007;29;;;9997.0;-14.0478515625
0;66700;ASH_COATED_OSMIUM;;;;;;;10005;11;;;;;10005.0;-14.2001953125
0;66800;ASH_COATED_OSMIUM;9989;14;9986;25;;;10005;14;10007;25;;;9997.0;-14.1455078125
0;66900;ASH_COATED_OSMIUM;9989;11;9986;20;;;10007;20;;;;;9998.0;-14.2373046875
0;67000;ASH_COATED_OSMIUM;9986;22;;;;;10005;12;10007;22;;;9995.5;-14.083984375
0;67100;ASH_COATED_OSMIUM;9989;15;9986;25;;;10005;15;10007;25;;;9997.0;-14.2119140625
0;67200;ASH_COATED_OSMIUM;9989;11;9986;23;;;10005;11;10007;23;;;9997.0;-14.470703125
0;67300;ASH_COATED_OSMIUM;9986;21;;;;;10007;21;;;;;9996.5;-14.5546875
0;67400;ASH_COATED_OSMIUM;9989;13;9987;28;;;10005;13;;;;;9997.0;-14.0009765625
0;67500;ASH_COATED_OSMIUM;9989;10;9987;22;;;10005;10;10008;22;;;9997.0;-13.994140625
0;67600;ASH_COATED_OSMIUM;9989;14;9986;25;;;9994;5;10005;14;10007;25;9991.5;-14.3544921875
0;67700;ASH_COATED_OSMIUM;9986;21;;;;;10004;11;10007;21;;;9995.0;-14.6904296875
0;67800;ASH_COATED_OSMIUM;9987;30;;;;;10005;10;;;;;9996.0;-13.982421875
0;67900;ASH_COATED_OSMIUM;9989;13;9986;26;;;10005;13;10007;26;;;9997.0;-14.2998046875
0;68000;ASH_COATED_OSMIUM;9989;12;9986;25;;;10005;12;10007;25;;;9997.0;-14.0869140625
0;68100;ASH_COATED_OSMIUM;9989;14;9987;26;;;10005;14;;;;;9997.0;-13.767578125
0;68200;ASH_COATED_OSMIUM;9989;11;9987;23;;;10005;11;10008;23;;;9997.0;-13.98046875
0;68300;ASH_COATED_OSMIUM;9989;11;9986;25;;;10005;11;10007;25;;;9997.0;-14.1279296875
0;68400;ASH_COATED_OSMIUM;9989;12;9987;30;;;10005;12;10008;30;;;9997.0;-13.69921875
0;68500;ASH_COATED_OSMIUM;9989;12;9987;22;;;10005;12;10008;22;;;9997.0;-13.99609375
0;68600;ASH_COATED_OSMIUM;9986;27;;;;;10005;10;10007;27;;;9995.5;-14.3828125
0;68700;ASH_COATED_OSMIUM;;;;;;;10005;11;;;;;10005.0;-14.2451171875
0;68800;ASH_COATED_OSMIUM;9988;13;9986;30;;;10004;13;10007;30;;;9996.0;-14.6357421875
0;68900;ASH_COATED_OSMIUM;9988;11;9986;23;;;10004;11;10007;23;;;9996.0;-14.607421875
0;69000;ASH_COATED_OSMIUM;9989;12;9986;27;;;10005;12;10007;27;;;9997.0;-14.052734375
0;69100;ASH_COATED_OSMIUM;9989;14;9986;25;;;10005;14;;;;;9997.0;-14.0400390625
0;69200;ASH_COATED_OSMIUM;9989;10;9987;20;;;10005;10;10008;20;;;9997.0;-13.8974609375
0;69300;ASH_COATED_OSMIUM;9989;11;9987;23;;;10005;11;10008;23;;;9997.0;-13.896484375
0;69400;ASH_COATED_OSMIUM;9989;10;;;;;9994;8;10005;10;10007;22;9991.5;-14.3115234375
0;69500;ASH_COATED_OSMIUM;9986;30;;;;;10005;13;10007;30;;;9995.5;-14.322265625
0;69600;ASH_COATED_OSMIUM;9994;3;9989;11;9986;25;10005;11;10007;25;;;9999.5;-14.2353515625
0;69700;ASH_COATED_OSMIUM;9989;14;9987;24;;;10005;14;10008;24;;;9997.0;-13.9189453125
0;69800;ASH_COATED_OSMIUM;9989;15;9987;22;;;;;;;;;9989.0;-13.654296875
0;69900;ASH_COATED_OSMIUM;9989;13;;;;;10005;13;10008;24;;;9997.0;-13.939453125
0;70000;ASH_COATED_OSMIUM;9987;28;;;;;10005;11;10008;28;;;9996.0;-13.740234375
0;70100;ASH_COATED_OSMIUM;9989;12;9987;27;;;10005;12;;;;;9997.0;-13.9990234375
0;70200;ASH_COATED_OSMIUM;9989;10;9987;28;;;10005;10;;;;;9997.0;-13.6533203125
0;70300;ASH_COATED_OSMIUM;9989;14;9987;24;;;10005;14;10008;24;;;9997.0;-13.9521484375
0;70400;ASH_COATED_OSMIUM;9989;10;9987;29;;;10005;10;10008;29;;;9997.0;-13.630859375
0;70500;ASH_COATED_OSMIUM;9989;13;9987;21;;;9995;7;10005;13;10008;21;9992.0;-13.55859375
0;70600;ASH_COATED_OSMIUM;9989;10;9987;22;;;10005;10;;;;;9997.0;-13.6279296875
0;70700;ASH_COATED_OSMIUM;9990;12;9987;27;;;10006;12;10008;27;;;9998.0;-13.455078125
0;70800;ASH_COATED_OSMIUM;9989;12;;;;;;;;;;;9989.0;-13.728515625
0;70900;ASH_COATED_OSMIUM;9989;13;9987;21;;;10005;13;10008;21;;;9997.0;-13.552734375
0;71000;ASH_COATED_OSMIUM;9990;14;;;;;10006;14;;;;;9998.0;-13.0908203125
0;71100;ASH_COATED_OSMIUM;9990;15;;;;;10006;15;10008;30;;;9998.0;-13.3251953125
0;71200;ASH_COATED_OSMIUM;9990;15;9987;27;;;10006;15;10008;27;;;9998.0;-13.2587890625
0;71300;ASH_COATED_OSMIUM;9989;11;9987;28;;;10005;11;10008;28;;;9997.0;-13.5478515625
0;71400;ASH_COATED_OSMIUM;9987;25;;;;;10006;12;10008;25;;;9996.5;-13.4140625
0;71500;ASH_COATED_OSMIUM;9990;12;9988;26;;;10006;12;10009;26;;;9998.0;-12.8330078125
0;71600;ASH_COATED_OSMIUM;9990;15;9987;29;;;9999;2;10006;15;;;9994.5;-13.0341796875
0;71700;ASH_COATED_OSMIUM;9990;14;9988;25;;;10006;14;10009;25;;;9998.0;-12.6845703125
0;71800;ASH_COATED_OSMIUM;9991;13;9988;22;;;10009;22;;;;;10000.0;-12.091796875
0;71900;ASH_COATED_OSMIUM;9991;13;9988;28;;;10007;13;10009;28;;;9999.0;-12.150390625
0;72000;ASH_COATED_OSMIUM;9989;23;;;;;10007;14;;;;;9998.0;-11.9755859375
0;72100;ASH_COATED_OSMIUM;9991;14;9989;24;;;10007;14;10010;24;;;9999.0;-11.6328125
0;72200;ASH_COATED_OSMIUM;9991;11;9988;25;;;10007;11;10009;25;;;9999.0;-12.0791015625
0;72300;ASH_COATED_OSMIUM;9989;22;;;;;10010;22;;;;;9999.5;-11.7451171875
0;72400;ASH_COATED_OSMIUM;9991;14;9989;25;;;10007;14;;;;;9999.0;-11.7421875
0;72500;ASH_COATED_OSMIUM;9992;12;9989;20;;;10008;12;10010;20;;;10000.0;-11.328125
0;72600;ASH_COATED_OSMIUM;9992;11;9989;28;;;10008;11;10010;28;;;10000.0;-11.3134765625
0;72700;ASH_COATED_OSMIUM;9992;14;9989;28;;;10008;14;;;;;10000.0;-11.263671875
0;72800;ASH_COATED_OSMIUM;9992;12;;;;;10008;12;10010;27;;;10000.0;-11.1142578125
0;72900;ASH_COATED_OSMIUM;9992;15;;;;;10008;15;;;;;10000.0;-11.1083984375
0;73000;ASH_COATED_OSMIUM;9992;13;;;;;10008;13;;;;;10000.0;-11.2470703125
0;73100;ASH_COATED_OSMIUM;9992;12;;;;;10010;27;;;;;10001.0;-11.1279296875
0;73200;ASH_COATED_OSMIUM;9992;12;9989;23;;;10008;12;10010;23;;;10000.0;-11.0068359375
0;73300;ASH_COATED_OSMIUM;;;;;;;10008;15;10011;23;;;10008.0;-10.6767578125
0;73400;ASH_COATED_OSMIUM;9990;30;;;;;10009;14;10011;30;;;9999.5;-10.431640625
0;73500;ASH_COATED_OSMIUM;9993;12;;;;;10009;12;10012;24;;;10001.0;-9.931640625
0;73600;ASH_COATED_OSMIUM;9993;10;;;;;10009;10;10012;30;;;10001.0;-9.7294921875
0;73700;ASH_COATED_OSMIUM;9994;12;;;;;10012;25;;;;;10003.0;-9.4052734375
0;73800;ASH_COATED_OSMIUM;9994;12;9991;21;;;10010;12;10012;21;;;10002.0;-9.1962890625
0;73900;ASH_COATED_OSMIUM;9994;12;;;;;10010;12;10012;27;;;10002.0;-9.1279296875
0;74000;ASH_COATED_OSMIUM;9994;11;9991;27;;;10010;11;10012;27;;;10002.0;-9.078125
0;74100;ASH_COATED_OSMIUM;;;;;;;10010;14;10013;23;;;10010.0;-8.943359375
0;74200;ASH_COATED_OSMIUM;9994;14;9991;30;;;10010;14;10012;30;;;10002.0;-9.078125
0;74300;ASH_COATED_OSMIUM;9994;13;;;;;10012;26;;;;;10003.0;-9.1337890625
0;74400;ASH_COATED_OSMIUM;9994;14;;;;;10010;14;10012;21;;;10002.0;-9.0693359375
0;74500;ASH_COATED_OSMIUM;9994;12;;;;;10010;12;10012;24;;;10002.0;-9.1826171875
0;74600;ASH_COATED_OSMIUM;9992;27;;;;;10010;12;10013;27;;;10001.0;-8.9453125
0;74700;ASH_COATED_OSMIUM;9994;15;9991;26;;;10010;15;10012;26;;;10002.0;-9.220703125
0;74800;ASH_COATED_OSMIUM;9991;24;;;;;10010;14;10012;24;;;10000.5;-9.40625
0;74900;ASH_COATED_OSMIUM;9994;12;9991;27;;;10010;12;10012;27;;;10002.0;-9.2685546875
0;75000;ASH_COATED_OSMIUM;9994;10;;;;;10010;10;10013;21;;;10002.0;-8.83203125
0;75100;ASH_COATED_OSMIUM;9994;13;9991;26;;;10010;13;10012;26;;;10002.0;-9.1064453125
0;75200;ASH_COATED_OSMIUM;9994;11;9992;30;;;10010;11;10013;30;;;10002.0;-8.9873046875
0;75300;ASH_COATED_OSMIUM;9994;10;;;;;10010;10;10013;26;;;10002.0;-8.771484375
0;75400;ASH_COATED_OSMIUM;9994;13;9992;25;;;10010;13;10013;25;;;10002.0;-8.7470703125
0;75500;ASH_COATED_OSMIUM;9994;12;9992;22;;;10010;12;10013;22;;;10002.0;-8.9599609375
0;75600;ASH_COATED_OSMIUM;9994;10;9991;23;;;10010;10;10012;23;;;10002.0;-9.3212890625
0;75700;ASH_COATED_OSMIUM;9991;25;;;;;10012;25;;;;;10001.5;-9.53125
0;75800;ASH_COATED_OSMIUM;9993;10;9991;26;;;10009;10;10012;26;;;10001.0;-9.69140625
0;75900;ASH_COATED_OSMIUM;9999;5;9993;10;9991;22;10009;10;10012;22;;;10004.0;-9.9775390625
0;76000;ASH_COATED_OSMIUM;;;;;;;10009;13;10011;30;;;10009.0;-10.16015625
0;76100;ASH_COATED_OSMIUM;9993;12;9990;28;;;10002;3;10009;12;10011;28;9997.5;-10.12109375
0;76200;ASH_COATED_OSMIUM;9993;13;9991;28;;;10009;13;10012;28;;;10001.0;-9.90625
0;76300;ASH_COATED_OSMIUM;9993;14;9991;21;;;10012;21;;;;;10002.5;-9.9091796875
0;76400;ASH_COATED_OSMIUM;9993;10;9991;28;;;10009;10;10012;28;;;10001.0;-9.677734375
0;76500;ASH_COATED_OSMIUM;9994;13;9991;28;;;10012;28;;;;;10003.0;-9.3876953125
0;76600;ASH_COATED_OSMIUM;9994;15;;;;;10010;15;10012;29;;;10002.0;-9.0029296875
0;76700;ASH_COATED_OSMIUM;9995;11;9992;30;;;10011;11;10013;30;;;10003.0;-8.3203125
0;76800;ASH_COATED_OSMIUM;9992;25;;;;;10011;10;10013;25;;;10001.5;-8.09765625
0;76900;ASH_COATED_OSMIUM;9995;10;9992;27;;;10011;10;10013;27;;;10003.0;-8.39453125
0;77000;ASH_COATED_OSMIUM;9994;13;9992;28;;;10010;13;10013;28;;;10002.0;-8.587890625
0;77100;ASH_COATED_OSMIUM;9992;22;;;;;10013;22;;;;;10002.5;-8.8193359375
0;77200;ASH_COATED_OSMIUM;9995;13;9992;30;;;10011;13;10013;30;;;10003.0;-8.408203125
0;77300;ASH_COATED_OSMIUM;9995;12;9992;25;;;;;;;;;9995.0;-8.1748046875
0;77400;ASH_COATED_OSMIUM;9995;10;9993;27;;;10014;27;;;;;10004.5;-7.5224609375
0;77500;ASH_COATED_OSMIUM;9993;23;;;;;10011;11;10014;23;;;10002.0;-7.9873046875
0;77600;ASH_COATED_OSMIUM;9995;15;9993;30;;;10011;15;;;;;10003.0;-7.990234375
0;77700;ASH_COATED_OSMIUM;9995;10;9993;30;;;10011;10;;;;;10003.0;-7.6826171875
0;77800;ASH_COATED_OSMIUM;9995;11;9992;29;;;10011;11;10013;29;;;10003.0;-8.41015625
0;77900;ASH_COATED_OSMIUM;;;;;;;10011;15;10013;24;;;10011.0;-8.4892578125
0;78000;ASH_COATED_OSMIUM;;;;;;;10010;14;10013;21;;;10010.0;-8.888671875
0;78100;ASH_COATED_OSMIUM;10003;9;9991;24;;;10010;13;10012;24;;;10006.5;-9.3564453125
0;78200;ASH_COATED_OSMIUM;10003;9;9993;15;9991;24;10009;15;10012;24;;;10006.0;-9.58203125
0;78300;ASH_COATED_OSMIUM;9994;13;9991;25;;;10010;13;;;;;10002.0;-9.3076171875
0;78400;ASH_COATED_OSMIUM;9994;13;;;;;10010;13;10012;25;;;10002.0;-9.4521484375
0;78500;ASH_COATED_OSMIUM;9991;23;;;;;10010;15;10012;23;;;10000.5;-9.1806640625
0;78600;ASH_COATED_OSMIUM;9994;10;9991;23;;;10012;23;;;;;10003.0;-9.3134765625
0;78700;ASH_COATED_OSMIUM;9991;25;;;;;10009;11;10012;25;;;10000.0;-9.7138671875
0;78800;ASH_COATED_OSMIUM;9991;29;;;;;;;;;;;9991.0;-9.611328125
0;78900;ASH_COATED_OSMIUM;9994;14;;;;;10010;14;10012;25;;;10002.0;-9.2373046875
0;79000;ASH_COATED_OSMIUM;9992;21;;;;;10010;13;10013;21;;;10001.0;-8.8369140625
0;79100;ASH_COATED_OSMIUM;9994;14;;;;;10010;14;10013;20;;;10002.0;-8.65234375
0;79200;ASH_COATED_OSMIUM;9992;24;;;;;10010;14;10013;24;;;10001.0;-8.673828125
0;79300;ASH_COATED_OSMIUM;9992;20;;;;;10013;20;;;;;10002.5;-8.3896484375
0;79400;ASH_COATED_OSMIUM;9994;10;;;;;10000;10;10010;10;;;9997.0;-8.8388671875
0;79500;ASH_COATED_OSMIUM;;;;;;;10010;10;;;;;10010.0;-8.6494140625
0;79600;ASH_COATED_OSMIUM;9991;23;;;;;10010;14;;;;;10000.5;-9.0302734375
0;79700;ASH_COATED_OSMIUM;9992;25;;;;;10004;2;10010;13;10013;25;9998.0;-8.740234375
0;79800;ASH_COATED_OSMIUM;9991;25;;;;;10012;25;;;;;10001.5;-9.0224609375
0;79900;ASH_COATED_OSMIUM;9994;15;;;;;10010;15;;;;;10002.0;-9.2021484375
0;80000;ASH_COATED_OSMIUM;9994;12;9991;24;;;10010;12;10012;24;;;10002.0;-9.2060546875
0;80100;ASH_COATED_OSMIUM;9991;21;;;;;10010;14;10012;21;;;10000.5;-9.205078125
0;80200;ASH_COATED_OSMIUM;9994;10;9991;22;;;10010;10;10012;22;;;10002.0;-9.1005859375
0;80300;ASH_COATED_OSMIUM;9994;13;9992;20;;;10010;13;10013;20;;;10002.0;-8.88671875
0;80400;ASH_COATED_OSMIUM;9992;23;;;;;10010;10;10013;23;;;10001.0;-8.9052734375
0;80500;ASH_COATED_OSMIUM;9992;21;;;;;10004;5;10010;10;;;9998.0;-8.822265625
0;80600;ASH_COATED_OSMIUM;9994;15;9992;30;;;10010;15;10013;30;;;10002.0;-8.9443359375
0;80700;ASH_COATED_OSMIUM;9994;13;9992;22;;;10010;13;10013;22;;;10002.0;-8.9599609375
0;80800;ASH_COATED_OSMIUM;9994;15;;;;;10012;22;;;;;10003.0;-9.2900390625
0;80900;ASH_COATED_OSMIUM;9993;10;9991;27;;;10009;10;10012;27;;;10001.0;-9.6748046875
0;81000;ASH_COATED_OSMIUM;9993;14;9990;30;;;10011;30;;;;;10002.0;-10.0615234375
0;81100;ASH_COATED_OSMIUM;9990;22;;;;;10009;15;;;;;9999.5;-10.248046875
0;81200;ASH_COATED_OSMIUM;9992;13;;;;;10008;13;10011;28;;;10000.0;-10.728515625
0;81300;ASH_COATED_OSMIUM;9992;12;9989;28;;;10008;12;10010;28;;;10000.0;-11.3525390625
0;81400;ASH_COATED_OSMIUM;9992;15;9989;21;;;10008;15;10010;21;;;10000.0;-11.3759765625
0;81500;ASH_COATED_OSMIUM;9992;14;9989;22;;;10010;22;;;;;10001.0;-11.39453125
0;81600;ASH_COATED_OSMIUM;9992;10;9989;28;;;10008;10;10010;28;;;10000.0;-11.26171875
0;81700;ASH_COATED_OSMIUM;9991;10;;;;;10007;10;10010;24;;;9999.0;-11.91015625
0;81800;ASH_COATED_OSMIUM;;;;;;;10007;14;10010;21;;;10007.0;-11.79296875
0;81900;ASH_COATED_OSMIUM;9991;12;9989;28;;;10010;28;;;;;10000.5;-11.90234375
0;82000;ASH_COATED_OSMIUM;9991;13;9988;24;;;10007;13;10009;24;;;9999.0;-12.166015625
0;82100;ASH_COATED_OSMIUM;9988;26;;;;;10007;14;10009;26;;;9997.5;-12.4306640625
0;82200;ASH_COATED_OSMIUM;9990;11;9988;30;;;10006;11;10009;30;;;9998.0;-12.666015625
0;82300;ASH_COATED_OSMIUM;9988;30;;;;;10007;11;10009;30;;;9997.5;-12.2041015625
0;82400;ASH_COATED_OSMIUM;;;;;;;10009;21;;;;;10009.0;-12.314453125
0;82500;ASH_COATED_OSMIUM;9991;13;9988;23;;;10007;13;10009;23;;;9999.0;-12.33984375
0;82600;ASH_COATED_OSMIUM;9991;10;9988;29;;;10007;10;;;;;9999.0;-12.4208984375
0;82700;ASH_COATED_OSMIUM;10000;10;9988;29;;;10006;15;;;;;10003.0;-12.837890625
0;82800;ASH_COATED_OSMIUM;9988;21;;;;;10006;11;10009;21;;;9997.0;-12.935546875
0;82900;ASH_COATED_OSMIUM;;;;;;;10006;15;10009;20;;;10006.0;-12.7294921875
0;83000;ASH_COATED_OSMIUM;9990;10;9988;28;;;10006;10;10009;28;;;9998.0;-12.8974609375
0;83100;ASH_COATED_OSMIUM;9987;26;;;;;10006;15;10008;26;;;9996.5;-13.23828125
0;83200;ASH_COATED_OSMIUM;9989;10;;;;;10005;10;10008;29;;;9997.0;-13.5869140625
0;83300;ASH_COATED_OSMIUM;9989;15;9987;22;;;10005;15;10008;22;;;9997.0;-13.6240234375
0;83400;ASH_COATED_OSMIUM;9989;13;9987;24;;;10005;13;;;;;9997.0;-13.6337890625
0;83500;ASH_COATED_OSMIUM;9989;14;;;;;10005;14;10007;30;;;9997.0;-14.064453125
0;83600;ASH_COATED_OSMIUM;9989;12;9987;24;;;10005;12;10008;24;;;9997.0;-13.73828125
0;83700;ASH_COATED_OSMIUM;9989;14;9986;26;;;10005;14;10007;26;;;9997.0;-14.32421875
0;83800;ASH_COATED_OSMIUM;9989;11;9987;22;;;10005;11;10007;22;;;9997.0;-14.0009765625
0;83900;ASH_COATED_OSMIUM;9988;13;9986;25;;;10004;13;10007;25;;;9996.0;-14.50390625
0;84000;ASH_COATED_OSMIUM;9988;11;;;;;10004;11;10007;20;;;9996.0;-14.642578125
0;84100;ASH_COATED_OSMIUM;9994;3;9989;11;9986;28;10005;11;10007;28;;;9999.5;-14.3505859375
0;84200;ASH_COATED_OSMIUM;9989;15;9986;29;;;10005;15;10007;29;;;9997.0;-14.126953125
0;84300;ASH_COATED_OSMIUM;9989;15;9987;20;;;10005;15;10008;20;;;9997.0;-13.9404296875
0;84400;ASH_COATED_OSMIUM;9989;13;9987;26;;;10005;13;10008;26;;;9997.0;-13.6943359375
0;84500;ASH_COATED_OSMIUM;9987;23;;;;;10005;11;10008;23;;;9996.0;-13.6806640625
0;84600;ASH_COATED_OSMIUM;9989;11;9987;30;;;10005;11;10008;30;;;9997.0;-13.6142578125
0;84700;ASH_COATED_OSMIUM;9987;23;;;;;10005;14;10008;23;;;9996.0;-13.716796875
0;84800;ASH_COATED_OSMIUM;9989;13;9987;26;;;9995;10;10008;26;;;9992.0;-13.6728515625
0;84900;ASH_COATED_OSMIUM;9989;13;9986;22;;;10005;13;10007;22;;;9997.0;-14.2353515625
0;85000;ASH_COATED_OSMIUM;9989;15;9987;23;;;10005;15;10007;23;;;9997.0;-14.0
0;85100;ASH_COATED_OSMIUM;9989;15;9986;30;;;10005;15;10007;30;;;9997.0;-14.130859375
0;85200;ASH_COATED_OSMIUM;9986;21;;;;;10007;21;;;;;9996.5;-14.2060546875
0;85300;ASH_COATED_OSMIUM;9994;4;9989;15;;;10005;15;;;;;9999.5;-14.37890625
0;85400;ASH_COATED_OSMIUM;9988;14;9986;21;;;10004;14;10007;21;;;9996.0;-14.541015625
0;85500;ASH_COATED_OSMIUM;9988;10;9986;20;;;10004;10;10007;20;;;9996.0;-14.6943359375
0;85600;ASH_COATED_OSMIUM;9989;13;;;;;10005;13;;;;;9997.0;-13.9609375
0;85700;ASH_COATED_OSMIUM;9989;14;9987;28;;;10005;14;10008;28;;;9997.0;-13.70703125
0;85800;ASH_COATED_OSMIUM;9989;13;9987;23;;;10005;13;10008;23;;;9997.0;-13.9931640625
0;85900;ASH_COATED_OSMIUM;9989;11;9986;22;;;10007;22;;;;;9998.0;-14.19140625
0;86000;ASH_COATED_OSMIUM;9989;13;9987;22;;;10008;22;;;;;9998.5;-13.8388671875
0;86100;ASH_COATED_OSMIUM;9989;11;9987;26;;;10005;11;10008;26;;;9997.0;-13.97265625
0;86200;ASH_COATED_OSMIUM;9989;15;9986;27;;;10007;27;;;;;9998.0;-14.0078125
0;86300;ASH_COATED_OSMIUM;9987;30;;;;;10005;14;10008;30;;;9996.0;-13.841796875
0;86400;ASH_COATED_OSMIUM;9987;23;;;;;10006;12;10008;23;;;9996.5;-13.2138671875
0;86500;ASH_COATED_OSMIUM;9990;12;9988;21;;;10006;12;10009;21;;;9998.0;-12.8798828125
0;86600;ASH_COATED_OSMIUM;9991;13;9988;30;;;10007;13;10009;30;;;9999.0;-12.392578125
0;86700;ASH_COATED_OSMIUM;9991;11;9988;28;;;10009;28;;;;;10000.0;-12.369140625
0;86800;ASH_COATED_OSMIUM;9991;13;9988;30;;;10007;13;10009;30;;;9999.0;-12.3642578125
0;86900;ASH_COATED_OSMIUM;9990;14;;;;;10006;14;10009;28;;;9998.0;-12.6298828125
0;87000;ASH_COATED_OSMIUM;9990;12;9988;26;;;10006;12;10009;26;;;9998.0;-12.5166015625
0;87100;ASH_COATED_OSMIUM;9988;27;;;;;10007;11;10009;27;;;9997.5;-12.3623046875
0;87200;ASH_COATED_OSMIUM;9988;23;;;;;10007;10;10009;23;;;9997.5;-12.4921875
0;87300;ASH_COATED_OSMIUM;9990;14;9988;27;;;10006;14;10009;27;;;9998.0;-12.587890625
0;87400;ASH_COATED_OSMIUM;9990;14;9988;29;;;9996;7;10009;29;;;9993.0;-12.7060546875
0;87500;ASH_COATED_OSMIUM;;;;;;;10009;21;;;;;10009.0;-12.53125
0;87600;ASH_COATED_OSMIUM;9990;12;9988;29;;;;;;;;;9990.0;-12.66015625
0;87700;ASH_COATED_OSMIUM;9988;23;;;;;10000;4;10009;23;;;9994.0;-12.0166015625
0;87800;ASH_COATED_OSMIUM;;;;;;;10009;29;;;;;10009.0;-12.01171875
0;87900;ASH_COATED_OSMIUM;9992;15;9989;21;;;10008;15;;;;;10000.0;-11.4853515625
0;88000;ASH_COATED_OSMIUM;9992;15;9989;26;;;10008;15;10010;26;;;10000.0;-11.02734375
0;88100;ASH_COATED_OSMIUM;9992;15;9990;28;;;10008;15;10011;28;;;10000.0;-10.9951171875
0;88200;ASH_COATED_OSMIUM;;;;;;;10008;12;;;;;10008.0;-10.7080078125
0;88300;ASH_COATED_OSMIUM;9993;14;9990;29;;;10009;14;10011;29;;;10001.0;-10.46875
0;88400;ASH_COATED_OSMIUM;9993;13;9990;23;;;10009;13;10011;23;;;10001.0;-10.267578125
0;88500;ASH_COATED_OSMIUM;9993;10;;;;;10009;10;10011;22;;;10001.0;-10.1630859375
0;88600;ASH_COATED_OSMIUM;;;;;;;10009;15;10011;30;;;10009.0;-10.2587890625
0;88700;ASH_COATED_OSMIUM;9993;12;9990;25;;;10009;12;10011;25;;;10001.0;-10.0947265625
0;88800;ASH_COATED_OSMIUM;9993;11;9991;27;;;10009;11;10012;27;;;10001.0;-9.7080078125
0;88900;ASH_COATED_OSMIUM;9994;13;;;;;10010;13;10012;26;;;10002.0;-9.486328125
0;89000;ASH_COATED_OSMIUM;9993;15;;;;;10009;15;10012;22;;;10001.0;-9.68359375
0;89100;ASH_COATED_OSMIUM;9991;21;;;;;10009;14;;;;;10000.0;-9.71484375
0;89200;ASH_COATED_OSMIUM;9993;10;9991;24;;;10009;10;10012;24;;;10001.0;-9.7890625
0;89300;ASH_COATED_OSMIUM;10003;4;9994;11;9991;26;10010;11;10012;26;;;10006.5;-9.2861328125
0;89400;ASH_COATED_OSMIUM;9994;14;9992;30;;;10010;14;;;;;10002.0;-8.5654296875
0;89500;ASH_COATED_OSMIUM;9994;12;9992;30;;;10010;12;10013;30;;;10002.0;-8.7109375
0;89600;ASH_COATED_OSMIUM;9994;13;9992;23;;;10013;23;;;;;10003.5;-8.884765625
0;89700;ASH_COATED_OSMIUM;9995;10;;;;;10011;10;10013;21;;;10003.0;-8.439453125
0;89800;ASH_COATED_OSMIUM;10000;4;9994;15;;;10010;15;10013;27;;;10005.0;-8.6416015625
0;89900;ASH_COATED_OSMIUM;9994;10;9992;28;;;10010;10;10013;28;;;10002.0;-8.7529296875
0;90000;ASH_COATED_OSMIUM;9995;14;9992;22;;;10011;14;10013;22;;;10003.0;-8.3466796875
0;90100;ASH_COATED_OSMIUM;9995;13;9993;21;;;10011;13;10014;21;;;10003.0;-7.798828125
0;90200;ASH_COATED_OSMIUM;9995;13;9993;24;;;10011;13;10014;24;;;10003.0;-7.8662109375
0;90300;ASH_COATED_OSMIUM;9996;13;9993;28;;;10012;13;10014;28;;;10004.0;-7.416015625
0;90400;ASH_COATED_OSMIUM;9993;26;;;;;10011;13;10014;26;;;10002.0;-7.65625
0;90500;ASH_COATED_OSMIUM;9996;12;9993;27;;;10012;12;10014;27;;;10004.0;-7.4853515625
0;90600;ASH_COATED_OSMIUM;9995;13;9993;21;;;10011;13;10014;21;;;10003.0;-7.9140625
0;90700;ASH_COATED_OSMIUM;9995;13;9993;20;;;10011;13;10014;20;;;10003.0;-7.505859375
0;90800;ASH_COATED_OSMIUM;9995;13;9993;25;;;10014;25;;;;;10004.5;-7.7607421875
0;90900;ASH_COATED_OSMIUM;9995;11;9992;22;;;;;;;;;9995.0;-8.1748046875
0;91000;ASH_COATED_OSMIUM;9992;30;;;;;10010;15;10013;30;;;10001.0;-8.90234375
0;91100;ASH_COATED_OSMIUM;9994;11;9992;26;;;10010;11;10013;26;;;10002.0;-8.7548828125
0;91200;ASH_COATED_OSMIUM;9992;20;;;;;10010;12;10013;20;;;10001.0;-8.775390625
0;91300;ASH_COATED_OSMIUM;9994;11;9992;22;;;10010;11;;;;;10002.0;-8.75390625
0;91400;ASH_COATED_OSMIUM;9994;11;9992;24;;;10010;11;10013;24;;;10002.0;-8.6689453125
0;91500;ASH_COATED_OSMIUM;9991;26;;;;;10010;11;10012;26;;;10000.5;-9.3447265625
0;91600;ASH_COATED_OSMIUM;9994;12;;;;;;;;;;;9994.0;-8.8251953125
0;91700;ASH_COATED_OSMIUM;9994;10;9992;26;;;10010;10;10013;26;;;10002.0;-8.9814453125
0;91800;ASH_COATED_OSMIUM;9994;11;9992;20;;;10013;20;;;;;10003.5;-8.7861328125
0;91900;ASH_COATED_OSMIUM;10000;5;9995;13;;;10011;13;;;;;10005.5;-8.345703125
0;92000;ASH_COATED_OSMIUM;9995;10;9992;23;;;10011;10;10013;23;;;10003.0;-8.3828125
0;92100;ASH_COATED_OSMIUM;10000;5;9994;13;9992;29;10010;13;10013;29;;;10005.0;-8.7646484375
0;92200;ASH_COATED_OSMIUM;9992;29;;;;;10013;29;;;;;10002.5;-8.775390625
0;92300;ASH_COATED_OSMIUM;9994;11;;;;;10010;11;;;;;10002.0;-8.7822265625
0;92400;ASH_COATED_OSMIUM;9994;11;;;;;10010;11;10013;21;;;10002.0;-8.8291015625
0;92500;ASH_COATED_OSMIUM;9994;12;9992;27;;;10010;12;10013;27;;;10002.0;-8.755859375
0;92600;ASH_COATED_OSMIUM;9994;14;9992;27;;;10010;14;10013;27;;;10002.0;-8.904296875
0;92700;ASH_COATED_OSMIUM;9994;13;9992;25;;;10010;13;10013;25;;;10002.0;-8.52734375
0;92800;ASH_COATED_OSMIUM;9994;10;;;;;10010;10;10013;29;;;10002.0;-8.5888671875
0;92900;ASH_COATED_OSMIUM;9994;14;9992;28;;;10010;14;10013;28;;;10002.0;-8.65234375
0;93000;ASH_COATED_OSMIUM;9994;13;9992;23;;;10010;13;;;;;10002.0;-8.623046875
0;93100;ASH_COATED_OSMIUM;9994;10;9992;25;;;10010;10;10013;25;;;10002.0;-8.708984375
0;93200;ASH_COATED_OSMIUM;9992;23;;;;;10010;11;10013;23;;;10001.0;-8.9013671875
0;93300;ASH_COATED_OSMIUM;9994;11;;;;;10010;11;10013;23;;;10002.0;-8.96875
0;93400;ASH_COATED_OSMIUM;9994;14;9991;23;;;10012;23;;;;;10003.0;-9.4794921875
0;93500;ASH_COATED_OSMIUM;9993;14;9990;28;;;10009;14;10011;28;;;10001.0;-10.009765625
0;93600;ASH_COATED_OSMIUM;9990;29;;;;;10009;10;10011;29;;;9999.5;-10.109375
0;93700;ASH_COATED_OSMIUM;9993;11;9991;29;;;10009;11;10012;29;;;10001.0;-9.970703125
0;93800;ASH_COATED_OSMIUM;9993;11;9991;20;;;10009;11;10012;20;;;10001.0;-9.556640625
0;93900;ASH_COATED_OSMIUM;;;;;;;10009;12;10012;27;;;10009.0;-9.5234375
0;94000;ASH_COATED_OSMIUM;9994;11;9991;22;;;10003;4;;;;;9998.5;-9.4892578125
0;94100;ASH_COATED_OSMIUM;9994;10;9991;30;;;10010;10;10012;30;;;10002.0;-9.0400390625
0;94200;ASH_COATED_OSMIUM;9994;14;9992;28;;;10013;28;;;;;10003.5;-8.7685546875
0;94300;ASH_COATED_OSMIUM;9991;29;;;;;10012;29;;;;;10001.5;-9.3837890625
0;94400;ASH_COATED_OSMIUM;9993;15;9991;22;;;10009;15;10012;22;;;10001.0;-9.60546875
0;94500;ASH_COATED_OSMIUM;9993;10;;;;;10012;21;;;;;10002.5;-9.7548828125
0;94600;ASH_COATED_OSMIUM;9990;28;;;;;10011;28;;;;;10000.5;-10.2001953125
0;94700;ASH_COATED_OSMIUM;9993;15;9990;20;;;;;;;;;9993.0;-10.22265625
0;94800;ASH_COATED_OSMIUM;9993;11;9990;22;;;10009;11;10011;22;;;10001.0;-10.087890625
0;94900;ASH_COATED_OSMIUM;9993;13;9990;26;;;10009;13;;;;;10001.0;-10.1328125
0;95000;ASH_COATED_OSMIUM;9993;15;9990;29;;;10009;15;10011;29;;;10001.0;-10.0078125
0;95100;ASH_COATED_OSMIUM;9990;20;;;;;10009;15;10011;20;;;9999.5;-10.3056640625
0;95200;ASH_COATED_OSMIUM;9990;29;;;;;10011;29;;;;;10000.5;-10.4833984375
0;95300;ASH_COATED_OSMIUM;;;;;;;10008;13;10011;26;;;10008.0;-10.5771484375
0;95400;ASH_COATED_OSMIUM;9992;15;;;;;;;;;;;9992.0;-10.7919921875
0;95500;ASH_COATED_OSMIUM;9993;11;9990;21;;;10009;11;;;;;10001.0;-10.2900390625
0;95600;ASH_COATED_OSMIUM;9993;12;9990;21;;;10009;12;10011;21;;;10001.0;-10.080078125
0;95700;ASH_COATED_OSMIUM;9993;11;9990;27;;;10011;27;;;;;10002.0;-10.4951171875
0;95800;ASH_COATED_OSMIUM;;;;;;;10002;4;10008;12;10011;21;10002.0;-10.7041015625
0;95900;ASH_COATED_OSMIUM;9992;14;9990;22;;;10002;4;10008;14;;;9997.0;-10.853515625
0;96000;ASH_COATED_OSMIUM;;;;;;;10011;20;;;;;10011.0;-10.359375
0;96100;ASH_COATED_OSMIUM;9992;14;9990;26;;;10008;14;10011;26;;;10000.0;-10.701171875
0;96200;ASH_COATED_OSMIUM;9992;15;9990;20;;;10008;15;;;;;10000.0;-10.7646484375
0;96300;ASH_COATED_OSMIUM;9992;11;9990;23;;;10008;11;10011;23;;;10000.0;-10.9873046875
0;96400;ASH_COATED_OSMIUM;9992;12;9989;25;;;10008;12;10010;25;;;10000.0;-11.4580078125
0;96500;ASH_COATED_OSMIUM;9989;25;;;;;10007;11;10010;25;;;9998.0;-11.66796875
0;96600;ASH_COATED_OSMIUM;9991;10;9989;24;;;10007;10;10010;24;;;9999.0;-11.6884765625
0;96700;ASH_COATED_OSMIUM;;;;;;;10008;11;;;;;10008.0;-11.2158203125
0;96800;ASH_COATED_OSMIUM;9992;14;9989;28;;;10008;14;10010;28;;;10000.0;-11.294921875
0;96900;ASH_COATED_OSMIUM;9991;12;9989;22;;;10007;12;;;;;9999.0;-11.673828125
0;97000;ASH_COATED_OSMIUM;9991;10;9989;24;;;10007;10;;;;;9999.0;-11.7568359375
0;97100;ASH_COATED_OSMIUM;9992;11;;;;;10010;29;;;;;10001.0;-11.37890625
0;97200;ASH_COATED_OSMIUM;9989;20;;;;;10008;11;10010;20;;;9998.5;-11.185546875
0;97300;ASH_COATED_OSMIUM;9992;15;9990;21;;;10008;15;10011;21;;;10000.0;-10.5751953125
0;97400;ASH_COATED_OSMIUM;9992;14;9990;30;;;10008;14;;;;;10000.0;-10.66015625
0;97500;ASH_COATED_OSMIUM;9992;10;9990;24;;;10008;10;10011;24;;;10000.0;-10.779296875
0;97600;ASH_COATED_OSMIUM;9992;15;9990;25;;;10002;4;10008;15;10011;25;9997.0;-10.923828125
0;97700;ASH_COATED_OSMIUM;;;;;;;10010;27;;;;;10010.0;-11.115234375
0;97800;ASH_COATED_OSMIUM;10002;10;9992;10;9990;26;10011;26;;;;;10006.5;-10.7587890625
0;97900;ASH_COATED_OSMIUM;9990;23;;;;;10008;15;10011;23;;;9999.0;-10.9072265625
0;98000;ASH_COATED_OSMIUM;9990;25;;;;;10008;11;10011;25;;;9999.0;-10.9638671875
0;98100;ASH_COATED_OSMIUM;9992;14;9990;30;;;10008;14;;;;;10000.0;-10.6337890625
0;98200;ASH_COATED_OSMIUM;10002;7;;;;;;;;;;;10002.0;-10.8173828125
0;98300;ASH_COATED_OSMIUM;9992;14;9990;21;;;10008;14;10011;21;;;10000.0;-10.6787109375
0;98400;ASH_COATED_OSMIUM;9998;2;9993;10;9990;27;10009;10;10011;27;;;10003.5;-10.203125
0;98500;ASH_COATED_OSMIUM;9993;15;9991;30;;;10012;30;;;;;10002.5;-9.755859375
0;98600;ASH_COATED_OSMIUM;9993;12;9990;24;;;10009;12;10011;24;;;10001.0;-10.3466796875
0;98700;ASH_COATED_OSMIUM;9991;25;;;;;10009;14;;;;;10000.0;-9.875
0;98800;ASH_COATED_OSMIUM;9994;14;9991;23;;;10010;14;10012;23;;;10002.0;-9.390625
0;98900;ASH_COATED_OSMIUM;9993;13;;;;;10009;13;10012;24;;;10001.0;-9.6162109375
0;99000;ASH_COATED_OSMIUM;9994;15;;;;;;;;;;;9994.0;-9.283203125
0;99100;ASH_COATED_OSMIUM;9991;22;;;;;10012;22;;;;;10001.5;-9.2197265625
0;99200;ASH_COATED_OSMIUM;9994;11;9992;26;;;10010;11;10013;26;;;10002.0;-8.84375
0;99300;ASH_COATED_OSMIUM;9995;11;9992;21;;;10011;11;10013;21;;;10003.0;-8.4365234375
0;99400;ASH_COATED_OSMIUM;9992;29;;;;;10010;12;10013;29;;;10001.0;-8.55859375
0;99500;ASH_COATED_OSMIUM;9995;10;9992;20;;;10011;10;10013;20;;;10003.0;-8.4912109375
0;99600;ASH_COATED_OSMIUM;9995;14;;;;;10011;14;10013;28;;;10003.0;-8.287109375
0;99700;ASH_COATED_OSMIUM;9995;11;9992;26;;;10011;11;10013;26;;;10003.0;-8.1982421875
0;99800;ASH_COATED_OSMIUM;9995;13;9992;25;;;10011;13;10013;25;;;10003.0;-8.21484375
0;99900;ASH_COATED_OSMIUM;9995;10;9992;27;;;10011;10;10013;27;;;10003.0;-8.28125
