day;timestamp;product;bid_price_1;bid_volume_1;bid_price_2;bid_volume_2;bid_price_3;bid_volume_3;ask_price_1;ask_volume_1;ask_price_2;ask_volume_2;ask_price_3;ask_volume_3;mid_price;profit_and_loss
39;0;VEV_6000;0;20;;;;;1;20;;;;;0.5;0.0
39;100;VEV_6000;0;25;;;;;1;25;;;;;0.5;-0.9991210103034973
39;200;VEV_6000;0;19;;;;;1;19;;;;;0.5;-0.9991141557693481
39;300;VEV_6000;0;25;;;;;1;25;;;;;0.5;-0.9991098642349243
39;400;VEV_6000;0;26;;;;;1;26;;;;;0.5;-0.9991388320922852
39;500;VEV_6000;0;19;;;;;1;19;;;;;0.5;-0.9991695880889893
39;600;VEV_6000;0;29;;;;;1;24;;;;;0.5;-0.9991979598999023
39;700;VEV_6000;0;18;;;;;1;18;;;;;0.5;-0.9991908669471741
39;800;VEV_6000;0;20;;;;;1;20;;;;;0.5;-0.9991867542266846
39;900;VEV_6000;0;24;;;;;1;24;;;;;0.5;-0.9991896748542786
39;1000;VEV_6000;0;26;;;;;1;26;;;;;0.5;-0.9991884827613831
39;1100;VEV_6000;0;29;;;;;1;29;;;;;0.5;-0.9991697669029236
39;1200;VEV_6000;0;21;;;;;1;21;;;;;0.5;-0.9991961121559143
39;1300;VEV_6000;0;16;;;;;1;16;;;;;0.5;-0.9992023706436157
39;1400;VEV_6000;0;21;;;;;1;21;;;;;0.5;-0.9991593360900879
39;1500;VEV_6000;0;25;;;;;1;25;;;;;0.5;-0.9991469383239746
39;1600;VEV_6000;0;19;;;;;1;19;;;;;0.5;-0.9991499781608582
39;1700;VEV_6000;0;26;;;;;1;26;;;;;0.5;-0.9991312623023987
39;1800;VEV_6000;0;21;;;;;1;21;;;;;0.5;-0.9991328120231628
39;1900;VEV_6000;0;16;;;;;1;16;;;;;0.5;-0.9991167187690735
39;2000;VEV_6000;0;19;;;;;1;19;;;;;0.5;-0.999070405960083
39;2100;VEV_6000;0;23;;;;;1;23;;;;;0.5;-0.9990411400794983
39;2200;VEV_6000;0;19;;;;;1;19;;;;;0.5;-0.9990763664245605
39;2300;VEV_6000;0;27;;;;;1;27;;;;;0.5;-0.999054491519928
39;2400;VEV_6000;0;26;;;;;1;26;;;;;0.5;-0.9990218877792358
39;2500;VEV_6000;0;21;;;;;1;21;;;;;0.5;-0.9989684820175171
39;2600;VEV_6000;0;16;;;;;1;16;;;;;0.5;-0.9989639520645142
39;2700;VEV_6000;0;19;;;;;1;19;;;;;0.5;-0.9989826083183289
39;2800;VEV_6000;0;20;;;;;1;20;;;;;0.5;-0.9989954829216003
39;2900;VEV_6000;0;26;;;;;1;26;;;;;0.5;-0.9990506172180176
39;3000;VEV_6000;0;21;;;;;1;21;;;;;0.5;-0.9990279674530029
39;3100;VEV_6000;0;23;;;;;1;23;;;;;0.5;-0.998982846736908
39;3200;VEV_6000;0;18;;;;;1;18;;;;;0.5;-0.9989696145057678
39;3300;VEV_6000;0;18;;;;;1;18;;;;;0.5;-0.9989447593688965
39;3400;VEV_6000;0;25;;;;;1;25;;;;;0.5;-0.9989247918128967
39;3500;VEV_6000;0;20;;;;;1;20;;;;;0.5;-0.9989628195762634
39;3600;VEV_6000;0;23;;;;;1;23;;;;;0.5;-0.9989466667175293
39;3700;VEV_6000;0;21;;;;;1;21;;;;;0.5;-0.9989641904830933
39;3800;VEV_6000;0;21;;;;;1;21;;;;;0.5;-0.9989561438560486
39;3900;VEV_6000;0;19;;;;;1;19;;;;;0.5;-0.9989532232284546
39;4000;VEV_6000;0;26;;;;;1;26;;;;;0.5;-0.998981773853302
39;4100;VEV_6000;0;19;;;;;1;19;;;;;0.5;-0.9989550709724426
39;4200;VEV_6000;0;26;;;;;1;26;;;;;0.5;-0.9989405274391174
39;4300;VEV_6000;0;27;;;;;1;27;;;;;0.5;-0.9989557266235352
39;4400;VEV_6000;0;21;;;;;1;21;;;;;0.5;-0.9990043044090271
39;4500;VEV_6000;0;18;;;;;1;18;;;;;0.5;-0.9990095496177673
39;4600;VEV_6000;0;21;;;;;1;21;;;;;0.5;-0.9990390539169312
39;4700;VEV_6000;0;25;;;;;1;25;;;;;0.5;-0.9990338087081909
39;4800;VEV_6000;0;25;;;;;1;25;;;;;0.5;-0.9990463256835938
39;4900;VEV_6000;0;20;;;;;1;20;;;;;0.5;-0.9989821910858154
39;5000;VEV_6000;0;24;;;;;1;24;;;;;0.5;-0.9989882707595825
39;5100;VEV_6000;0;19;;;;;1;19;;;;;0.5;-0.9989843964576721
39;5200;VEV_6000;0;22;;;;;1;22;;;;;0.5;-0.9989680051803589
39;5300;VEV_6000;0;20;;;;;1;20;;;;;0.5;-0.9989440441131592
39;5400;VEV_6000;0;19;;;;;1;19;;;;;0.5;-0.9989627599716187
39;5500;VEV_6000;0;28;;;;;1;28;;;;;0.5;-0.9988878965377808
39;5600;VEV_6000;0;22;;;;;1;22;;;;;0.5;-0.9988667964935303
39;5700;VEV_6000;0;26;;;;;1;26;;;;;0.5;-0.9988719820976257
39;5800;VEV_6000;0;25;;;;;1;25;;;;;0.5;-0.9989175796508789
39;5900;VEV_6000;0;23;;;;;1;23;;;;;0.5;-0.9989041090011597
39;6000;VEV_6000;0;28;;;;;1;28;;;;;0.5;-0.9988832473754883
39;6100;VEV_6000;0;21;;;;;1;21;;;;;0.5;-0.9988847970962524
39;6200;VEV_6000;0;23;;;;;1;23;;;;;0.5;-0.9988764524459839
39;6300;VEV_6000;0;24;;;;;1;24;;;;;0.5;-0.9988937377929688
39;6400;VEV_6000;0;25;;;;;1;25;;;;;0.5;-0.9989207983016968
39;6500;VEV_6000;0;22;;;;;1;22;;;;;0.5;-0.9989405274391174
39;6600;VEV_6000;0;23;;;;;1;23;;;;;0.5;-0.9989566802978516
39;6700;VEV_6000;0;22;;;;;1;22;;;;;0.5;-0.9989754557609558
39;6800;VEV_6000;0;20;;;;;1;20;;;;;0.5;-0.998971700668335
39;6900;VEV_6000;0;19;;;;;1;19;;;;;0.5;-0.9989399313926697
39;7000;VEV_6000;0;26;;;;;1;26;;;;;0.5;-0.9989677667617798
39;7100;VEV_6000;0;24;;;;;1;24;;;;;0.5;-0.9990030527114868
39;7200;VEV_6000;0;18;;;;;1;18;;;;;0.5;-0.9990074038505554
39;7300;VEV_6000;0;23;;;;;1;23;;;;;0.5;-0.9990050792694092
39;7400;VEV_6000;0;20;;;;;1;20;;;;;0.5;-0.9989639520645142
39;7500;VEV_6000;0;19;;;;;1;19;;;;;0.5;-0.9989346265792847
39;7600;VEV_6000;0;23;;;;;1;23;;;;;0.5;-0.9990001916885376
39;7700;VEV_6000;0;19;;;;;1;19;;;;;0.5;-0.9989814162254333
39;7800;VEV_6000;0;21;;;;;1;19;;;;;0.5;-0.9990333914756775
39;7900;VEV_6000;0;18;;;;;1;18;;;;;0.5;-0.99901282787323
39;8000;VEV_6000;0;26;;;;;1;26;;;;;0.5;-0.999023973941803
39;8100;VEV_6000;0;17;;;;;1;17;;;;;0.5;-0.9990191459655762
39;8200;VEV_6000;0;19;;;;;1;19;;;;;0.5;-0.9990223050117493
39;8300;VEV_6000;0;20;;;;;1;20;;;;;0.5;-0.9990448355674744
39;8400;VEV_6000;0;23;;;;;1;23;;;;;0.5;-0.9990065693855286
39;8500;VEV_6000;0;18;;;;;1;18;;;;;0.5;-0.9990230798721313
39;8600;VEV_6000;0;22;;;;;1;22;;;;;0.5;-0.9990248084068298
39;8700;VEV_6000;0;21;;;;;1;21;;;;;0.5;-0.9990691542625427
39;8800;VEV_6000;0;22;;;;;1;22;;;;;0.5;-0.9990845322608948
39;8900;VEV_6000;0;21;;;;;1;21;;;;;0.5;-0.9990977644920349
39;9000;VEV_6000;0;27;;;;;1;27;;;;;0.5;-0.9991118311882019
39;9100;VEV_6000;0;18;;;;;1;18;;;;;0.5;-0.999122679233551
39;9200;VEV_6000;0;26;;;;;1;26;;;;;0.5;-0.9991349577903748
39;9300;VEV_6000;0;20;;;;;1;20;;;;;0.5;-0.9991536140441895
39;9400;VEV_6000;0;19;;;;;1;19;;;;;0.5;-0.9991769194602966
39;9500;VEV_6000;0;21;;;;;1;21;;;;;0.5;-0.9991987943649292
39;9600;VEV_6000;0;20;;;;;1;20;;;;;0.5;-0.9992045164108276
39;9700;VEV_6000;0;24;;;;;1;24;;;;;0.5;-0.9992052912712097
39;9800;VEV_6000;0;20;;;;;1;20;;;;;0.5;-0.9991992115974426
39;9900;VEV_6000;0;25;;;;;1;25;;;;;0.5;-0.9992042779922485
39;10000;VEV_6000;0;24;;;;;1;24;;;;;0.5;-0.9991854429244995
39;10100;VEV_6000;0;19;;;;;1;19;;;;;0.5;-0.9991819858551025
39;10200;VEV_6000;0;25;;;;;1;25;;;;;0.5;-0.9991905093193054
39;10300;VEV_6000;0;26;;;;;1;26;;;;;0.5;-0.9992142915725708
39;10400;VEV_6000;0;25;;;;;1;25;;;;;0.5;-0.9992001056671143
39;10500;VEV_6000;0;25;;;;;1;25;;;;;0.5;-0.9992064833641052
39;10600;VEV_6000;0;27;;;;;1;27;;;;;0.5;-0.9992173910140991
39;10700;VEV_6000;0;20;;;;;1;20;;;;;0.5;-0.9991855621337891
39;10800;VEV_6000;0;24;;;;;1;24;;;;;0.5;-0.9992108941078186
39;10900;VEV_6000;0;22;;;;;1;22;;;;;0.5;-0.9992074370384216
39;11000;VEV_6000;0;18;;;;;1;18;;;;;0.5;-0.9991858005523682
39;11100;VEV_6000;0;24;;;;;1;24;;;;;0.5;-0.9991575479507446
39;11200;VEV_6000;0;30;;;;;1;30;;;;;0.5;-0.9991325736045837
39;11300;VEV_6000;0;23;;;;;1;23;;;;;0.5;-0.9991238117218018
39;11400;VEV_6000;0;17;;;;;1;17;;;;;0.5;-0.9990691542625427
39;11500;VEV_6000;0;26;;;;;1;26;;;;;0.5;-0.9990683794021606
39;11600;VEV_6000;0;23;;;;;1;23;;;;;0.5;-0.9990828037261963
39;11700;VEV_6000;0;22;;;;;1;22;;;;;0.5;-0.9990704655647278
39;11800;VEV_6000;0;18;;;;;1;18;;;;;0.5;-0.9991008639335632
39;11900;VEV_6000;0;22;;;;;1;22;;;;;0.5;-0.9990649819374084
39;12000;VEV_6000;0;16;;;;;1;16;;;;;0.5;-0.999045193195343
39;12100;VEV_6000;0;19;;;;;1;19;;;;;0.5;-0.9990406036376953
39;12200;VEV_6000;0;19;;;;;1;19;;;;;0.5;-0.9990436434745789
39;12300;VEV_6000;0;16;;;;;1;16;;;;;0.5;-0.9990402460098267
39;12400;VEV_6000;0;30;;;;;1;30;;;;;0.5;-0.9990760087966919
39;12500;VEV_6000;0;23;;;;;1;23;;;;;0.5;-0.9990810751914978
39;12600;VEV_6000;0;15;;;;;1;15;;;;;0.5;-0.9990906119346619
39;12700;VEV_6000;0;22;;;;;1;22;;;;;0.5;-0.9990929961204529
39;12800;VEV_6000;0;28;;;;;1;28;;;;;0.5;-0.9991009831428528
39;12900;VEV_6000;0;28;;;;;1;28;;;;;0.5;-0.9990881681442261
39;13000;VEV_6000;0;25;;;;;1;25;;;;;0.5;-0.9990983009338379
39;13100;VEV_6000;0;16;;;;;1;19;;;;;0.5;-0.9990857243537903
39;13200;VEV_6000;0;23;;;;;1;23;;;;;0.5;-0.9990567564964294
39;13300;VEV_6000;0;29;;;;;1;29;;;;;0.5;-0.9990412592887878
39;13400;VEV_6000;0;25;;;;;1;25;;;;;0.5;-0.9990584850311279
39;13500;VEV_6000;0;25;;;;;1;25;;;;;0.5;-0.9990997910499573
39;13600;VEV_6000;0;20;;;;;1;20;;;;;0.5;-0.9990879893302917
39;13700;VEV_6000;0;28;;;;;1;28;;;;;0.5;-0.9990941882133484
39;13800;VEV_6000;0;21;;;;;1;21;;;;;0.5;-0.9990841150283813
39;13900;VEV_6000;0;26;;;;;1;26;;;;;0.5;-0.9990689158439636
39;14000;VEV_6000;0;22;;;;;1;22;;;;;0.5;-0.9990767240524292
39;14100;VEV_6000;0;23;;;;;1;23;;;;;0.5;-0.9990748763084412
39;14200;VEV_6000;0;24;;;;;1;24;;;;;0.5;-0.9990743398666382
39;14300;VEV_6000;0;18;;;;;1;18;;;;;0.5;-0.9990553855895996
39;14400;VEV_6000;0;23;;;;;1;23;;;;;0.5;-0.999069094657898
39;14500;VEV_6000;0;24;;;;;1;24;;;;;0.5;-0.9991011023521423
39;14600;VEV_6000;0;19;;;;;1;19;;;;;0.5;-0.9991344213485718
39;14700;VEV_6000;0;22;;;;;1;22;;;;;0.5;-0.999088704586029
39;14800;VEV_6000;0;21;;;;;1;21;;;;;0.5;-0.9990713596343994
39;14900;VEV_6000;0;27;;;;;1;27;;;;;0.5;-0.999076783657074
39;15000;VEV_6000;0;26;;;;;1;26;;;;;0.5;-0.9990812540054321
39;15100;VEV_6000;0;26;;;;;1;26;;;;;0.5;-0.9990506172180176
39;15200;VEV_6000;0;20;;;;;1;20;;;;;0.5;-0.9990468621253967
39;15300;VEV_6000;0;22;;;;;1;22;;;;;0.5;-0.9990311861038208
39;15400;VEV_6000;0;29;;;;;1;29;;;;;0.5;-0.9990496039390564
39;15500;VEV_6000;0;23;;;;;1;23;;;;;0.5;-0.9990569353103638
39;15600;VEV_6000;0;24;;;;;1;24;;;;;0.5;-0.9989897608757019
39;15700;VEV_6000;0;15;;;;;1;15;;;;;0.5;-0.9990096092224121
39;15800;VEV_6000;0;26;;;;;1;26;;;;;0.5;-0.9990124702453613
39;15900;VEV_6000;0;17;;;;;1;17;;;;;0.5;-0.9989919662475586
39;16000;VEV_6000;0;22;;;;;1;22;;;;;0.5;-0.9989839196205139
39;16100;VEV_6000;0;19;;;;;1;19;;;;;0.5;-0.9989661574363708
39;16200;VEV_6000;0;16;;;;;1;16;;;;;0.5;-0.99896639585495
39;16300;VEV_6000;0;27;;;;;1;27;;;;;0.5;-0.9989492297172546
39;16400;VEV_6000;0;26;;;;;1;26;;;;;0.5;-0.9989237189292908
39;16500;VEV_6000;0;25;;;;;1;25;;;;;0.5;-0.9989450573921204
39;16600;VEV_6000;0;18;;;;;1;18;;;;;0.5;-0.9989182949066162
39;16700;VEV_6000;0;18;;;;;1;18;;;;;0.5;-0.9989162683486938
39;16800;VEV_6000;0;20;;;;;1;20;;;;;0.5;-0.9989181160926819
39;16900;VEV_6000;0;27;;;;;1;27;;;;;0.5;-0.9989069104194641
39;17000;VEV_6000;0;19;;;;;1;19;;;;;0.5;-0.9989041090011597
39;17100;VEV_6000;0;25;;;;;1;25;;;;;0.5;-0.998910665512085
39;17200;VEV_6000;0;28;;;;;1;28;;;;;0.5;-0.9988693594932556
39;17300;VEV_6000;0;19;;;;;1;19;;;;;0.5;-0.9988566040992737
39;17400;VEV_6000;0;20;;;;;1;20;;;;;0.5;-0.9988171458244324
39;17500;VEV_6000;0;24;;;;;1;24;;;;;0.5;-0.9988197088241577
39;17600;VEV_6000;0;23;;;;;1;23;;;;;0.5;-0.998845100402832
39;17700;VEV_6000;0;24;;;;;1;24;;;;;0.5;-0.9988978505134583
39;17800;VEV_6000;0;23;;;;;1;23;;;;;0.5;-0.9989034533500671
39;17900;VEV_6000;0;25;;;;;1;25;;;;;0.5;-0.9989053606987
39;18000;VEV_6000;0;16;;;;;1;16;;;;;0.5;-0.998858630657196
39;18100;VEV_6000;0;25;;;;;1;25;;;;;0.5;-0.9988727569580078
39;18200;VEV_6000;0;21;;;;;1;21;;;;;0.5;-0.9988612532615662
39;18300;VEV_6000;0;27;;;;;1;27;;;;;0.5;-0.998868465423584
39;18400;VEV_6000;0;28;;;;;1;28;;;;;0.5;-0.9989101886749268
39;18500;VEV_6000;0;21;;;;;1;21;;;;;0.5;-0.9989030361175537
39;18600;VEV_6000;0;23;;;;;1;23;;;;;0.5;-0.9989670515060425
39;18700;VEV_6000;0;18;;;;;1;18;;;;;0.5;-0.9989761710166931
39;18800;VEV_6000;0;24;;;;;1;24;;;;;0.5;-0.9990077018737793
39;18900;VEV_6000;0;27;;;;;1;27;;;;;0.5;-0.9989750385284424
39;19000;VEV_6000;0;27;;;;;1;27;;;;;0.5;-0.9990076422691345
39;19100;VEV_6000;0;27;;;;;1;25;;;;;0.5;-0.999025285243988
39;19200;VEV_6000;0;26;;;;;1;26;;;;;0.5;-0.9990142583847046
39;19300;VEV_6000;0;30;;;;;1;30;;;;;0.5;-0.9990059733390808
39;19400;VEV_6000;0;27;;;;;1;27;;;;;0.5;-0.9990121126174927
39;19500;VEV_6000;0;24;;;;;1;24;;;;;0.5;-0.9990212321281433
39;19600;VEV_6000;0;24;;;;;1;24;;;;;0.5;-0.9990252256393433
39;19700;VEV_6000;0;26;;;;;1;26;;;;;0.5;-0.999071478843689
39;19800;VEV_6000;0;21;;;;;1;21;;;;;0.5;-0.9990907907485962
39;19900;VEV_6000;0;23;;;;;1;23;;;;;0.5;-0.9990491271018982
39;20000;VEV_6000;0;22;;;;;1;22;;;;;0.5;-0.9990261197090149
39;20100;VEV_6000;0;20;;;;;1;20;;;;;0.5;-0.99906986951828
39;20200;VEV_6000;0;16;;;;;1;16;;;;;0.5;-0.9990562200546265
39;20300;VEV_6000;0;23;;;;;1;23;;;;;0.5;-0.9990758299827576
39;20400;VEV_6000;0;28;;;;;1;28;;;;;0.5;-0.9990596771240234
39;20500;VEV_6000;0;28;;;;;1;28;;;;;0.5;-0.9990777373313904
39;20600;VEV_6000;0;25;;;;;1;25;;;;;0.5;-0.9991012215614319
39;20700;VEV_6000;0;18;;;;;1;18;;;;;0.5;-0.9990773797035217
39;20800;VEV_6000;0;25;;;;;1;25;;;;;0.5;-0.9990460872650146
39;20900;VEV_6000;0;23;;;;;1;28;;;;;0.5;-0.9990205764770508
39;21000;VEV_6000;0;22;;;;;1;22;;;;;0.5;-0.9990171194076538
39;21100;VEV_6000;0;25;;;;;1;25;;;;;0.5;-0.9990663528442383
39;21200;VEV_6000;0;28;;;;;1;28;;;;;0.5;-0.9990518689155579
39;21300;VEV_6000;0;25;;;;;1;25;;;;;0.5;-0.9990046620368958
39;21400;VEV_6000;0;29;;;;;1;29;;;;;0.5;-0.9990047216415405
39;21500;VEV_6000;0;29;;;;;1;29;;;;;0.5;-0.9989911913871765
39;21600;VEV_6000;0;24;;;;;1;24;;;;;0.5;-0.9989883303642273
39;21700;VEV_6000;0;27;;;;;1;27;;;;;0.5;-0.9989904761314392
39;21800;VEV_6000;0;23;;;;;1;23;;;;;0.5;-0.9989727735519409
39;21900;VEV_6000;0;23;;;;;1;23;;;;;0.5;-0.9989839792251587
39;22000;VEV_6000;0;19;;;;;1;19;;;;;0.5;-0.9990127682685852
39;22100;VEV_6000;0;24;;;;;1;24;;;;;0.5;-0.9990283250808716
39;22200;VEV_6000;0;16;;;;;1;16;;;;;0.5;-0.9990383386611938
39;22300;VEV_6000;0;19;;;;;1;19;;;;;0.5;-0.9990444183349609
39;22400;VEV_6000;0;19;;;;;1;19;;;;;0.5;-0.9990566968917847
39;22500;VEV_6000;0;19;;;;;1;19;;;;;0.5;-0.9990569949150085
39;22600;VEV_6000;0;23;;;;;1;23;;;;;0.5;-0.9990597367286682
39;22700;VEV_6000;0;25;;;;;1;25;;;;;0.5;-0.9990801215171814
39;22800;VEV_6000;0;24;;;;;1;24;;;;;0.5;-0.9990888237953186
39;22900;VEV_6000;0;20;;;;;1;20;;;;;0.5;-0.9990857839584351
39;23000;VEV_6000;0;26;;;;;1;26;;;;;0.5;-0.9990978240966797
39;23100;VEV_6000;0;24;;;;;1;24;;;;;0.5;-0.9991000890731812
39;23200;VEV_6000;0;26;;;;;1;26;;;;;0.5;-0.9991089701652527
39;23300;VEV_6000;0;22;;;;;1;22;;;;;0.5;-0.99915611743927
39;23400;VEV_6000;0;20;;;;;1;20;;;;;0.5;-0.9991850256919861
39;23500;VEV_6000;0;21;;;;;1;23;;;;;0.5;-0.9991669654846191
39;23600;VEV_6000;0;27;;;;;1;27;;;;;0.5;-0.9991910457611084
39;23700;VEV_6000;0;18;;;;;1;18;;;;;0.5;-0.9991765022277832
39;23800;VEV_6000;0;23;;;;;1;23;;;;;0.5;-0.9991872310638428
39;23900;VEV_6000;0;21;;;;;1;21;;;;;0.5;-0.9991646409034729
39;24000;VEV_6000;0;24;;;;;1;24;;;;;0.5;-0.9991630911827087
39;24100;VEV_6000;0;27;;;;;1;27;;;;;0.5;-0.9991739392280579
39;24200;VEV_6000;0;20;;;;;1;20;;;;;0.5;-0.9991623163223267
39;24300;VEV_6000;0;19;;;;;1;19;;;;;0.5;-0.9991730451583862
39;24400;VEV_6000;0;23;;;;;1;23;;;;;0.5;-0.9991498589515686
39;24500;VEV_6000;0;30;;;;;1;30;;;;;0.5;-0.9991527795791626
39;24600;VEV_6000;0;25;;;;;1;21;;;;;0.5;-0.9991730451583862
39;24700;VEV_6000;0;25;;;;;1;25;;;;;0.5;-0.9991523623466492
39;24800;VEV_6000;0;22;;;;;1;22;;;;;0.5;-0.9991487860679626
39;24900;VEV_6000;0;27;;;;;1;27;;;;;0.5;-0.99915611743927
39;25000;VEV_6000;0;22;;;;;1;22;;;;;0.5;-0.9991707801818848
39;25100;VEV_6000;0;18;;;;;1;18;;;;;0.5;-0.9991579651832581
39;25200;VEV_6000;0;23;;;;;1;23;;;;;0.5;-0.9991335868835449
39;25300;VEV_6000;0;21;;;;;1;21;;;;;0.5;-0.9991695880889893
39;25400;VEV_6000;0;27;;;;;1;27;;;;;0.5;-0.999148964881897
39;25500;VEV_6000;0;22;;;;;1;22;;;;;0.5;-0.9991539120674133
39;25600;VEV_6000;0;16;;;;;1;16;;;;;0.5;-0.9991456270217896
39;25700;VEV_6000;0;28;;;;;1;28;;;;;0.5;-0.9991621375083923
39;25800;VEV_6000;0;18;;;;;1;18;;;;;0.5;-0.9991729855537415
39;25900;VEV_6000;0;21;;;;;1;21;;;;;0.5;-0.9991568326950073
39;26000;VEV_6000;0;22;;;;;1;22;;;;;0.5;-0.9991321563720703
39;26100;VEV_6000;0;26;;;;;1;26;;;;;0.5;-0.9991396069526672
39;26200;VEV_6000;0;22;;;;;1;22;;;;;0.5;-0.9991677403450012
39;26300;VEV_6000;0;15;;;;;1;15;;;;;0.5;-0.9991700053215027
39;26400;VEV_6000;0;24;;;;;1;24;;;;;0.5;-0.999161958694458
39;26500;VEV_6000;0;30;;;;;1;30;;;;;0.5;-0.9991538524627686
39;26600;VEV_6000;0;26;;;;;1;26;;;;;0.5;-0.9991419911384583
39;26700;VEV_6000;0;23;;;;;1;23;;;;;0.5;-0.9991259574890137
39;26800;VEV_6000;0;24;;;;;1;24;;;;;0.5;-0.9991227388381958
39;26900;VEV_6000;0;20;;;;;1;20;;;;;0.5;-0.9991077184677124
39;27000;VEV_6000;0;21;;;;;1;21;;;;;0.5;-0.9991502165794373
39;27100;VEV_6000;0;28;;;;;1;28;;;;;0.5;-0.9991586804389954
39;27200;VEV_6000;0;24;;;;;1;24;;;;;0.5;-0.9991838932037354
39;27300;VEV_6000;0;27;;;;;1;27;;;;;0.5;-0.9991756081581116
39;27400;VEV_6000;0;18;;;;;1;18;;;;;0.5;-0.9992024302482605
39;27500;VEV_6000;0;20;;;;;1;20;;;;;0.5;-0.9991815686225891
39;27600;VEV_6000;0;22;;;;;1;22;;;;;0.5;-0.9991520643234253
39;27700;VEV_6000;0;25;;;;;1;25;;;;;0.5;-0.9991512298583984
39;27800;VEV_6000;0;29;;;;;1;29;;;;;0.5;-0.9991834759712219
39;27900;VEV_6000;0;28;;;;;1;28;;;;;0.5;-0.9991940259933472
39;28000;VEV_6000;0;28;;;;;1;28;;;;;0.5;-0.9992125630378723
39;28100;VEV_6000;0;20;;;;;1;20;;;;;0.5;-0.9991576075553894
39;28200;VEV_6000;0;22;;;;;1;22;;;;;0.5;-0.9991415739059448
39;28300;VEV_6000;0;21;;;;;1;21;;;;;0.5;-0.9991437196731567
39;28400;VEV_6000;0;19;;;;;1;19;;;;;0.5;-0.999144434928894
39;28500;VEV_6000;0;20;;;;;1;20;;;;;0.5;-0.9991416931152344
39;28600;VEV_6000;0;24;;;;;1;24;;;;;0.5;-0.9991369247436523
39;28700;VEV_6000;0;22;;;;;1;22;;;;;0.5;-0.9991457462310791
39;28800;VEV_6000;0;28;;;;;1;28;;;;;0.5;-0.9991598725318909
39;28900;VEV_6000;0;22;;;;;1;22;;;;;0.5;-0.9991654753684998
39;29000;VEV_6000;0;22;;;;;1;22;;;;;0.5;-0.9991710186004639
39;29100;VEV_6000;0;19;;;;;1;19;;;;;0.5;-0.999151349067688
39;29200;VEV_6000;0;25;;;;;1;25;;;;;0.5;-0.999142050743103
39;29300;VEV_6000;0;22;;;;;1;22;;;;;0.5;-0.9991538524627686
39;29400;VEV_6000;0;20;;;;;1;20;;;;;0.5;-0.9991480708122253
39;29500;VEV_6000;0;15;;;;;1;17;;;;;0.5;-0.999148428440094
39;29600;VEV_6000;0;25;;;;;1;25;;;;;0.5;-0.9991765022277832
39;29700;VEV_6000;0;23;;;;;1;23;;;;;0.5;-0.9991790056228638
39;29800;VEV_6000;0;20;;;;;1;20;;;;;0.5;-0.9991788268089294
39;29900;VEV_6000;0;26;;;;;1;26;;;;;0.5;-0.9991711378097534
39;30000;VEV_6000;0;19;;;;;1;19;;;;;0.5;-0.9991860389709473
39;30100;VEV_6000;0;23;;;;;1;23;;;;;0.5;-0.9991919994354248
39;30200;VEV_6000;0;26;;;;;1;26;;;;;0.5;-0.999221920967102
39;30300;VEV_6000;0;20;;;;;1;16;;;;;0.5;-0.9992382526397705
39;30400;VEV_6000;0;20;;;;;1;20;;;;;0.5;-0.9992486834526062
39;30500;VEV_6000;0;20;;;;;1;20;;;;;0.5;-0.9992290139198303
39;30600;VEV_6000;0;26;;;;;1;26;;;;;0.5;-0.9992560744285583
39;30700;VEV_6000;0;18;;;;;1;18;;;;;0.5;-0.9992727637290955
39;30800;VEV_6000;0;20;;;;;1;20;;;;;0.5;-0.9993008375167847
39;30900;VEV_6000;0;17;;;;;1;17;;;;;0.5;-0.9992834329605103
39;31000;VEV_6000;0;21;;;;;1;21;;;;;0.5;-0.9993189573287964
39;31100;VEV_6000;0;22;;;;;1;22;;;;;0.5;-0.9993163347244263
39;31200;VEV_6000;0;20;;;;;1;20;;;;;0.5;-0.9993246793746948
39;31300;VEV_6000;0;21;;;;;1;21;;;;;0.5;-0.9992811679840088
39;31400;VEV_6000;0;22;;;;;1;22;;;;;0.5;-0.9992718696594238
39;31500;VEV_6000;0;18;;;;;1;18;;;;;0.5;-0.9992665648460388
39;31600;VEV_6000;0;16;;;;;1;16;;;;;0.5;-0.9992650151252747
39;31700;VEV_6000;0;27;;;;;1;27;;;;;0.5;-0.9992401599884033
39;31800;VEV_6000;0;23;;;;;1;23;;;;;0.5;-0.9992461800575256
39;31900;VEV_6000;0;29;;;;;1;29;;;;;0.5;-0.9992209672927856
39;32000;VEV_6000;0;26;;;;;1;26;;;;;0.5;-0.9992157816886902
39;32100;VEV_6000;0;23;;;;;1;23;;;;;0.5;-0.9992011785507202
39;32200;VEV_6000;0;25;;;;;1;25;;;;;0.5;-0.9992031455039978
39;32300;VEV_6000;0;24;;;;;1;24;;;;;0.5;-0.9991714954376221
39;32400;VEV_6000;0;22;;;;;1;22;;;;;0.5;-0.9991797208786011
39;32500;VEV_6000;0;16;;;;;1;16;;;;;0.5;-0.9991756677627563
39;32600;VEV_6000;0;25;;;;;1;25;;;;;0.5;-0.999178409576416
39;32700;VEV_6000;0;24;;;;;1;24;;;;;0.5;-0.9991821646690369
39;32800;VEV_6000;0;27;;;;;1;27;;;;;0.5;-0.9991725087165833
39;32900;VEV_6000;0;20;;;;;1;20;;;;;0.5;-0.9991790652275085
39;33000;VEV_6000;0;21;;;;;1;21;;;;;0.5;-0.9991409182548523
39;33100;VEV_6000;0;19;;;;;1;19;;;;;0.5;-0.9991322755813599
39;33200;VEV_6000;0;18;;;;;1;18;;;;;0.5;-0.9991832375526428
39;33300;VEV_6000;0;20;;;;;1;20;;;;;0.5;-0.9991662502288818
39;33400;VEV_6000;0;21;;;;;1;21;;;;;0.5;-0.9991434812545776
39;33500;VEV_6000;0;24;;;;;1;24;;;;;0.5;-0.9991532564163208
39;33600;VEV_6000;0;29;;;;;1;29;;;;;0.5;-0.9991567730903625
39;33700;VEV_6000;0;24;;;;;1;24;;;;;0.5;-0.9991528987884521
39;33800;VEV_6000;0;18;;;;;1;18;;;;;0.5;-0.9991422295570374
39;33900;VEV_6000;0;26;;;;;1;26;;;;;0.5;-0.9991210699081421
39;34000;VEV_6000;0;24;;;;;1;24;;;;;0.5;-0.9991233348846436
39;34100;VEV_6000;0;24;;;;;1;24;;;;;0.5;-0.9990836381912231
39;34200;VEV_6000;0;26;;;;;1;26;;;;;0.5;-0.9990599155426025
39;34300;VEV_6000;0;19;;;;;1;19;;;;;0.5;-0.9990658760070801
39;34400;VEV_6000;0;21;;;;;1;21;;;;;0.5;-0.9990751147270203
39;34500;VEV_6000;0;26;;;;;1;26;;;;;0.5;-0.9990878701210022
39;34600;VEV_6000;0;24;;;;;1;24;;;;;0.5;-0.999097466468811
39;34700;VEV_6000;0;27;;;;;1;27;;;;;0.5;-0.99909907579422
39;34800;VEV_6000;0;15;;;;;1;15;;;;;0.5;-0.9991329312324524
39;34900;VEV_6000;0;21;;;;;1;21;;;;;0.5;-0.9991352558135986
39;35000;VEV_6000;0;20;;;;;1;20;;;;;0.5;-0.9991859793663025
39;35100;VEV_6000;0;21;;;;;1;21;;;;;0.5;-0.9991668462753296
39;35200;VEV_6000;0;20;;;;;1;18;;;;;0.5;-0.999171257019043
39;35300;VEV_6000;0;30;;;;;1;30;;;;;0.5;-0.9991493225097656
39;35400;VEV_6000;0;18;;;;;1;18;;;;;0.5;-0.9991213083267212
39;35500;VEV_6000;0;18;;;;;1;18;;;;;0.5;-0.9991223812103271
39;35600;VEV_6000;0;22;;;;;1;22;;;;;0.5;-0.9991338849067688
39;35700;VEV_6000;0;26;;;;;1;26;;;;;0.5;-0.9991666078567505
39;35800;VEV_6000;0;27;;;;;1;27;;;;;0.5;-0.9991899728775024
39;35900;VEV_6000;0;20;;;;;1;20;;;;;0.5;-0.9991812705993652
39;36000;VEV_6000;0;22;;;;;1;22;;;;;0.5;-0.9991821050643921
39;36100;VEV_6000;0;23;;;;;1;23;;;;;0.5;-0.999159574508667
39;36200;VEV_6000;0;22;;;;;1;22;;;;;0.5;-0.9991597533226013
39;36300;VEV_6000;0;16;;;;;1;16;;;;;0.5;-0.9991969466209412
39;36400;VEV_6000;0;19;;;;;1;19;;;;;0.5;-0.9991645812988281
39;36500;VEV_6000;0;30;;;;;1;30;;;;;0.5;-0.9991624355316162
39;36600;VEV_6000;0;24;;;;;1;24;;;;;0.5;-0.999161422252655
39;36700;VEV_6000;0;21;;;;;1;21;;;;;0.5;-0.9991791248321533
39;36800;VEV_6000;0;21;;;;;1;21;;;;;0.5;-0.9992182850837708
39;36900;VEV_6000;0;25;;;;;1;25;;;;;0.5;-0.9992083311080933
39;37000;VEV_6000;0;28;;;;;1;28;;;;;0.5;-0.9992238879203796
39;37100;VEV_6000;0;23;;;;;1;23;;;;;0.5;-0.9991827607154846
39;37200;VEV_6000;0;20;;;;;1;20;;;;;0.5;-0.9991466999053955
39;37300;VEV_6000;0;23;;;;;1;23;;;;;0.5;-0.9991815686225891
39;37400;VEV_6000;0;22;;;;;1;22;;;;;0.5;-0.9992114901542664
39;37500;VEV_6000;0;22;;;;;1;22;;;;;0.5;-0.9992069005966187
39;37600;VEV_6000;0;26;;;;;1;26;;;;;0.5;-0.9992303848266602
39;37700;VEV_6000;0;23;;;;;1;23;;;;;0.5;-0.9991803765296936
39;37800;VEV_6000;0;24;;;;;1;24;;;;;0.5;-0.9992028474807739
39;37900;VEV_6000;0;28;;;;;1;28;;;;;0.5;-0.9992104768753052
39;38000;VEV_6000;0;19;;;;;1;19;;;;;0.5;-0.9992148876190186
39;38100;VEV_6000;0;26;;;;;1;26;;;;;0.5;-0.999215841293335
39;38200;VEV_6000;0;26;;;;;1;26;;;;;0.5;-0.9992283582687378
39;38300;VEV_6000;0;25;;;;;1;25;;;;;0.5;-0.9992179274559021
39;38400;VEV_6000;0;23;;;;;1;23;;;;;0.5;-0.999221682548523
39;38500;VEV_6000;0;25;;;;;1;25;;;;;0.5;-0.9992272853851318
39;38600;VEV_6000;0;22;;;;;1;22;;;;;0.5;-0.999233067035675
39;38700;VEV_6000;0;22;;;;;1;22;;;;;0.5;-0.9992247819900513
39;38800;VEV_6000;0;27;;;;;1;27;;;;;0.5;-0.9992323517799377
39;38900;VEV_6000;0;23;;;;;1;23;;;;;0.5;-0.9992327094078064
39;39000;VEV_6000;0;20;;;;;1;20;;;;;0.5;-0.9992297887802124
39;39100;VEV_6000;0;16;;;;;1;16;;;;;0.5;-0.9992339015007019
39;39200;VEV_6000;0;21;;;;;1;21;;;;;0.5;-0.9992680549621582
39;39300;VEV_6000;0;28;;;;;1;25;;;;;0.5;-0.9992879033088684
39;39400;VEV_6000;0;22;;;;;1;22;;;;;0.5;-0.9992733001708984
39;39500;VEV_6000;0;19;;;;;1;19;;;;;0.5;-0.9992882013320923
39;39600;VEV_6000;0;21;;;;;1;21;;;;;0.5;-0.9992910623550415
39;39700;VEV_6000;0;20;;;;;1;20;;;;;0.5;-0.9993313550949097
39;39800;VEV_6000;0;26;;;;;1;21;;;;;0.5;-0.9993463158607483
39;39900;VEV_6000;0;21;;;;;1;21;;;;;0.5;-0.9993515610694885
39;40000;VEV_6000;0;22;;;;;1;22;;;;;0.5;-0.9993359446525574
39;40100;VEV_6000;0;24;;;;;1;24;;;;;0.5;-0.9993550777435303
39;40200;VEV_6000;0;21;;;;;1;21;;;;;0.5;-0.9993684887886047
39;40300;VEV_6000;0;17;;;;;1;17;;;;;0.5;-0.9993723630905151
39;40400;VEV_6000;0;26;;;;;1;26;;;;;0.5;-0.9993841648101807
39;40500;VEV_6000;0;18;;;;;1;18;;;;;0.5;-0.9993996024131775
39;40600;VEV_6000;0;28;;;;;1;28;;;;;0.5;-0.9994007349014282
39;40700;VEV_6000;0;23;;;;;1;23;;;;;0.5;-0.9994359612464905
39;40800;VEV_6000;0;20;;;;;1;20;;;;;0.5;-0.9994288086891174
39;40900;VEV_6000;0;19;;;;;1;19;;;;;0.5;-0.9994552731513977
39;41000;VEV_6000;0;18;;;;;1;18;;;;;0.5;-0.9994428753852844
39;41100;VEV_6000;0;22;;;;;1;22;;;;;0.5;-0.9994487762451172
39;41200;VEV_6000;0;20;;;;;1;20;;;;;0.5;-0.9994656443595886
39;41300;VEV_6000;0;27;;;;;1;27;;;;;0.5;-0.9994555115699768
39;41400;VEV_6000;0;21;;;;;1;21;;;;;0.5;-0.9994493126869202
39;41500;VEV_6000;0;27;;;;;1;27;;;;;0.5;-0.9994713664054871
39;41600;VEV_6000;0;20;;;;;1;20;;;;;0.5;-0.9994780421257019
39;41700;VEV_6000;0;27;;;;;1;27;;;;;0.5;-0.9994733333587646
39;41800;VEV_6000;0;29;;;;;1;29;;;;;0.5;-0.999455988407135
39;41900;VEV_6000;0;13;;;;;1;15;;;;;0.5;-0.9994770288467407
39;42000;VEV_6000;0;22;;;;;1;22;;;;;0.5;-0.9994823932647705
39;42100;VEV_6000;0;22;;;;;1;22;;;;;0.5;-0.9994602799415588
39;42200;VEV_6000;0;20;;;;;1;20;;;;;0.5;-0.9994365572929382
39;42300;VEV_6000;0;22;;;;;1;22;;;;;0.5;-0.9994118809700012
39;42400;VEV_6000;0;26;;;;;1;26;;;;;0.5;-0.9994192719459534
39;42500;VEV_6000;0;22;;;;;1;22;;;;;0.5;-0.9994148015975952
39;42600;VEV_6000;0;23;;;;;1;23;;;;;0.5;-0.9994108080863953
39;42700;VEV_6000;0;22;;;;;1;22;;;;;0.5;-0.9994300007820129
39;42800;VEV_6000;0;17;;;;;1;17;;;;;0.5;-0.9994361400604248
39;42900;VEV_6000;0;21;;;;;1;25;;;;;0.5;-0.999424159526825
39;43000;VEV_6000;0;25;;;;;1;25;;;;;0.5;-0.9994274377822876
39;43100;VEV_6000;0;19;;;;;1;19;;;;;0.5;-0.9994284510612488
39;43200;VEV_6000;0;24;;;;;1;24;;;;;0.5;-0.9994276165962219
39;43300;VEV_6000;0;19;;;;;1;19;;;;;0.5;-0.9994320869445801
39;43400;VEV_6000;0;17;;;;;1;17;;;;;0.5;-0.9994165301322937
39;43500;VEV_6000;0;24;;;;;1;24;;;;;0.5;-0.9994430541992188
39;43600;VEV_6000;0;25;;;;;1;25;;;;;0.5;-0.9994280338287354
39;43700;VEV_6000;0;20;;;;;1;20;;;;;0.5;-0.9994386434555054
39;43800;VEV_6000;0;19;;;;;1;19;;;;;0.5;-0.9994633793830872
39;43900;VEV_6000;0;21;;;;;1;21;;;;;0.5;-0.9994602799415588
39;44000;VEV_6000;0;17;;;;;1;17;;;;;0.5;-0.9994536638259888
39;44100;VEV_6000;0;30;;;;;1;30;;;;;0.5;-0.9994303584098816
39;44200;VEV_6000;0;18;;;;;1;18;;;;;0.5;-0.9994223713874817
39;44300;VEV_6000;0;22;;;;;1;22;;;;;0.5;-0.9994160532951355
39;44400;VEV_6000;0;24;;;;;1;24;;;;;0.5;-0.9994038939476013
39;44500;VEV_6000;0;20;;;;;1;20;;;;;0.5;-0.9993888139724731
39;44600;VEV_6000;0;20;;;;;1;20;;;;;0.5;-0.9993687272071838
39;44700;VEV_6000;0;21;;;;;1;21;;;;;0.5;-0.9993555545806885
39;44800;VEV_6000;0;24;;;;;1;24;;;;;0.5;-0.9993454813957214
39;44900;VEV_6000;0;22;;;;;1;22;;;;;0.5;-0.9993354678153992
39;45000;VEV_6000;0;21;;;;;1;21;;;;;0.5;-0.9993347525596619
39;45100;VEV_6000;0;16;;;;;1;21;;;;;0.5;-0.999345600605011
39;45200;VEV_6000;0;17;;;;;1;17;;;;;0.5;-0.9993535876274109
39;45300;VEV_6000;0;30;;;;;1;30;;;;;0.5;-0.9993747472763062
39;45400;VEV_6000;0;21;;;;;1;21;;;;;0.5;-0.9993908405303955
39;45500;VEV_6000;0;29;;;;;1;29;;;;;0.5;-0.9993743300437927
39;45600;VEV_6000;0;28;;;;;1;28;;;;;0.5;-0.9993739128112793
39;45700;VEV_6000;0;22;;;;;1;22;;;;;0.5;-0.9993911981582642
39;45800;VEV_6000;0;19;;;;;1;19;;;;;0.5;-0.9993886947631836
39;45900;VEV_6000;0;29;;;;;1;29;;;;;0.5;-0.9993885159492493
39;46000;VEV_6000;0;17;;;;;1;17;;;;;0.5;-0.9993905425071716
39;46100;VEV_6000;0;16;;;;;1;16;;;;;0.5;-0.9993963241577148
39;46200;VEV_6000;0;19;;;;;1;19;;;;;0.5;-0.9993860721588135
39;46300;VEV_6000;0;18;;;;;1;18;;;;;0.5;-0.999372661113739
39;46400;VEV_6000;0;19;;;;;1;19;;;;;0.5;-0.9993603229522705
39;46500;VEV_6000;0;24;;;;;1;24;;;;;0.5;-0.9993652701377869
39;46600;VEV_6000;0;25;;;;;1;25;;;;;0.5;-0.99935382604599
39;46700;VEV_6000;0;21;;;;;1;21;;;;;0.5;-0.9993462562561035
39;46800;VEV_6000;0;25;;;;;1;25;;;;;0.5;-0.9993431568145752
39;46900;VEV_6000;0;21;;;;;1;21;;;;;0.5;-0.9993455410003662
39;47000;VEV_6000;0;24;;;;;1;24;;;;;0.5;-0.9993404746055603
39;47100;VEV_6000;0;19;;;;;1;19;;;;;0.5;-0.9993353486061096
39;47200;VEV_6000;0;22;;;;;1;22;;;;;0.5;-0.9993343949317932
39;47300;VEV_6000;0;22;;;;;1;22;;;;;0.5;-0.9993568062782288
39;47400;VEV_6000;0;23;;;;;1;23;;;;;0.5;-0.9993357062339783
39;47500;VEV_6000;0;20;;;;;1;20;;;;;0.5;-0.9993222951889038
39;47600;VEV_6000;0;21;;;;;1;21;;;;;0.5;-0.9993183016777039
39;47700;VEV_6000;0;24;;;;;1;24;;;;;0.5;-0.9993346333503723
39;47800;VEV_6000;0;21;;;;;1;21;;;;;0.5;-0.9993368983268738
39;47900;VEV_6000;0;22;;;;;1;22;;;;;0.5;-0.9993366599082947
39;48000;VEV_6000;0;25;;;;;1;25;;;;;0.5;-0.9993277788162231
39;48100;VEV_6000;0;20;;;;;1;20;;;;;0.5;-0.99934321641922
39;48200;VEV_6000;0;26;;;;;1;26;;;;;0.5;-0.9993153810501099
39;48300;VEV_6000;0;15;;;;;1;15;;;;;0.5;-0.9993335604667664
39;48400;VEV_6000;0;22;;;;;1;22;;;;;0.5;-0.9993391633033752
39;48500;VEV_6000;0;28;;;;;1;28;;;;;0.5;-0.999329149723053
39;48600;VEV_6000;0;18;;;;;1;18;;;;;0.5;-0.9993353486061096
39;48700;VEV_6000;0;27;;;;;1;27;;;;;0.5;-0.9993348121643066
39;48800;VEV_6000;0;19;;;;;1;19;;;;;0.5;-0.9993425607681274
39;48900;VEV_6000;0;26;;;;;1;26;;;;;0.5;-0.9993449449539185
39;49000;VEV_6000;0;21;;;;;1;21;;;;;0.5;-0.99935382604599
39;49100;VEV_6000;0;25;;;;;1;25;;;;;0.5;-0.9993391633033752
39;49200;VEV_6000;0;19;;;;;1;19;;;;;0.5;-0.9993427991867065
39;49300;VEV_6000;0;26;;;;;1;26;;;;;0.5;-0.9993342161178589
39;49400;VEV_6000;0;23;;;;;1;23;;;;;0.5;-0.9993149638175964
39;49500;VEV_6000;0;27;;;;;1;27;;;;;0.5;-0.9993268251419067
39;49600;VEV_6000;0;25;;;;;1;25;;;;;0.5;-0.999329149723053
39;49700;VEV_6000;0;20;;;;;1;20;;;;;0.5;-0.9993218183517456
39;49800;VEV_6000;0;24;;;;;1;24;;;;;0.5;-0.9993256330490112
39;49900;VEV_6000;0;18;;;;;1;18;;;;;0.5;-0.9992991089820862
39;50000;VEV_6000;0;21;;;;;1;21;;;;;0.5;-0.9993031620979309
39;50100;VEV_6000;0;21;;;;;1;21;;;;;0.5;-0.9992957711219788
39;50200;VEV_6000;0;18;;;;;1;18;;;;;0.5;-0.9993137121200562
39;50300;VEV_6000;0;25;;;;;1;25;;;;;0.5;-0.9993191361427307
39;50400;VEV_6000;0;28;;;;;1;28;;;;;0.5;-0.9992960691452026
39;50500;VEV_6000;0;19;;;;;1;19;;;;;0.5;-0.9993047118186951
39;50600;VEV_6000;0;19;;;;;1;19;;;;;0.5;-0.9992800951004028
39;50700;VEV_6000;0;20;;;;;1;20;;;;;0.5;-0.9992673993110657
39;50800;VEV_6000;0;17;;;;;1;17;;;;;0.5;-0.9992290139198303
39;50900;VEV_6000;0;21;;;;;1;21;;;;;0.5;-0.9992011785507202
39;51000;VEV_6000;0;23;;;;;1;23;;;;;0.5;-0.9992212653160095
39;51100;VEV_6000;0;20;;;;;1;20;;;;;0.5;-0.9992308616638184
39;51200;VEV_6000;0;24;;;;;1;24;;;;;0.5;-0.9992491602897644
39;51300;VEV_6000;0;22;;;;;1;22;;;;;0.5;-0.9992101192474365
39;51400;VEV_6000;0;28;;;;;1;28;;;;;0.5;-0.9992120265960693
39;51500;VEV_6000;0;24;;;;;1;24;;;;;0.5;-0.9992349147796631
39;51600;VEV_6000;0;19;;;;;1;19;;;;;0.5;-0.9992003440856934
39;51700;VEV_6000;0;20;;;;;1;20;;;;;0.5;-0.9992387890815735
39;51800;VEV_6000;0;19;;;;;1;19;;;;;0.5;-0.9992353916168213
39;51900;VEV_6000;0;19;;;;;1;19;;;;;0.5;-0.9992462396621704
39;52000;VEV_6000;0;23;;;;;1;23;;;;;0.5;-0.9992479681968689
39;52100;VEV_6000;0;26;;;;;1;26;;;;;0.5;-0.9992309212684631
39;52200;VEV_6000;0;23;;;;;1;23;;;;;0.5;-0.9992431998252869
39;52300;VEV_6000;0;25;;;;;1;25;;;;;0.5;-0.9992393255233765
39;52400;VEV_6000;0;20;;;;;1;20;;;;;0.5;-0.9992429614067078
39;52500;VEV_6000;0;21;;;;;1;21;;;;;0.5;-0.9992762804031372
39;52600;VEV_6000;0;21;;;;;1;21;;;;;0.5;-0.9992861151695251
39;52700;VEV_6000;0;15;;;;;1;15;;;;;0.5;-0.9993040561676025
39;52800;VEV_6000;0;30;;;;;1;30;;;;;0.5;-0.999308705329895
39;52900;VEV_6000;0;16;;;;;1;21;;;;;0.5;-0.9993090033531189
39;53000;VEV_6000;0;25;;;;;1;25;;;;;0.5;-0.99931401014328
39;53100;VEV_6000;0;19;;;;;1;19;;;;;0.5;-0.999290406703949
39;53200;VEV_6000;0;24;;;;;1;24;;;;;0.5;-0.9992833733558655
39;53300;VEV_6000;0;21;;;;;1;21;;;;;0.5;-0.9992709755897522
39;53400;VEV_6000;0;26;;;;;1;26;;;;;0.5;-0.9992870092391968
39;53500;VEV_6000;0;19;;;;;1;19;;;;;0.5;-0.9992924928665161
39;53600;VEV_6000;0;25;;;;;1;25;;;;;0.5;-0.9993069171905518
39;53700;VEV_6000;0;20;;;;;1;20;;;;;0.5;-0.9993196129798889
39;53800;VEV_6000;0;15;;;;;1;15;;;;;0.5;-0.9993230700492859
39;53900;VEV_6000;0;22;;;;;1;22;;;;;0.5;-0.9993244409561157
39;54000;VEV_6000;0;21;;;;;1;21;;;;;0.5;-0.9993535876274109
39;54100;VEV_6000;0;24;;;;;1;24;;;;;0.5;-0.9993261098861694
39;54200;VEV_6000;0;19;;;;;1;19;;;;;0.5;-0.9993032813072205
39;54300;VEV_6000;0;23;;;;;1;23;;;;;0.5;-0.9993165135383606
39;54400;VEV_6000;0;17;;;;;1;17;;;;;0.5;-0.9993165731430054
39;54500;VEV_6000;0;30;;;;;1;30;;;;;0.5;-0.9992932677268982
39;54600;VEV_6000;0;22;;;;;1;22;;;;;0.5;-0.9992947578430176
39;54700;VEV_6000;0;23;;;;;1;23;;;;;0.5;-0.9993268847465515
39;54800;VEV_6000;0;22;;;;;1;22;;;;;0.5;-0.9993300437927246
39;54900;VEV_6000;0;19;;;;;1;19;;;;;0.5;-0.9993482232093811
39;55000;VEV_6000;0;25;;;;;1;25;;;;;0.5;-0.9993452429771423
39;55100;VEV_6000;0;26;;;;;1;26;;;;;0.5;-0.9993299841880798
39;55200;VEV_6000;0;17;;;;;1;17;;;;;0.5;-0.9993555545806885
39;55300;VEV_6000;0;27;;;;;1;27;;;;;0.5;-0.9993778467178345
39;55400;VEV_6000;0;25;;;;;1;25;;;;;0.5;-0.999366283416748
39;55500;VEV_6000;0;20;;;;;1;20;;;;;0.5;-0.9993746280670166
39;55600;VEV_6000;0;18;;;;;1;18;;;;;0.5;-0.999389111995697
39;55700;VEV_6000;0;29;;;;;1;29;;;;;0.5;-0.9993773102760315
39;55800;VEV_6000;0;23;;;;;1;23;;;;;0.5;-0.9993966221809387
39;55900;VEV_6000;0;26;;;;;1;26;;;;;0.5;-0.999398946762085
39;56000;VEV_6000;0;25;;;;;1;25;;;;;0.5;-0.9994196891784668
39;56100;VEV_6000;0;25;;;;;1;25;;;;;0.5;-0.9994071125984192
39;56200;VEV_6000;0;22;;;;;1;22;;;;;0.5;-0.9994282722473145
39;56300;VEV_6000;0;24;;;;;1;24;;;;;0.5;-0.9994558691978455
39;56400;VEV_6000;0;28;;;;;1;28;;;;;0.5;-0.9994542598724365
39;56500;VEV_6000;0;25;;;;;1;25;;;;;0.5;-0.999445915222168
39;56600;VEV_6000;0;28;;;;;1;28;;;;;0.5;-0.9994466304779053
39;56700;VEV_6000;0;15;;;;;1;15;;;;;0.5;-0.9994593858718872
39;56800;VEV_6000;0;26;;;;;1;26;;;;;0.5;-0.9994462132453918
39;56900;VEV_6000;0;24;;;;;1;24;;;;;0.5;-0.9994326829910278
39;57000;VEV_6000;0;28;;;;;1;28;;;;;0.5;-0.9994536638259888
39;57100;VEV_6000;0;28;;;;;1;28;;;;;0.5;-0.9994728565216064
39;57200;VEV_6000;0;22;;;;;1;22;;;;;0.5;-0.9994758367538452
39;57300;VEV_6000;0;18;;;;;1;18;;;;;0.5;-0.9994962215423584
39;57400;VEV_6000;0;18;;;;;1;18;;;;;0.5;-0.9994927644729614
39;57500;VEV_6000;0;22;;;;;1;22;;;;;0.5;-0.9994842410087585
39;57600;VEV_6000;0;29;;;;;1;29;;;;;0.5;-0.9994955658912659
39;57700;VEV_6000;0;24;;;;;1;24;;;;;0.5;-0.9994913339614868
39;57800;VEV_6000;0;22;;;;;1;22;;;;;0.5;-0.9994897842407227
39;57900;VEV_6000;0;24;;;;;1;24;;;;;0.5;-0.9994918704032898
39;58000;VEV_6000;0;23;;;;;1;23;;;;;0.5;-0.99950110912323
39;58100;VEV_6000;0;23;;;;;1;23;;;;;0.5;-0.9994889497756958
39;58200;VEV_6000;0;28;;;;;1;28;;;;;0.5;-0.9994755983352661
39;58300;VEV_6000;0;22;;;;;1;22;;;;;0.5;-0.9994928240776062
39;58400;VEV_6000;0;19;;;;;1;19;;;;;0.5;-0.9995079636573792
39;58500;VEV_6000;0;24;;;;;1;24;;;;;0.5;-0.999509871006012
39;58600;VEV_6000;0;25;;;;;1;25;;;;;0.5;-0.9995151162147522
39;58700;VEV_6000;0;19;;;;;1;19;;;;;0.5;-0.9995355606079102
39;58800;VEV_6000;0;25;;;;;1;25;;;;;0.5;-0.9995617270469666
39;58900;VEV_6000;0;25;;;;;1;25;;;;;0.5;-0.9995740056037903
39;59000;VEV_6000;0;26;;;;;1;26;;;;;0.5;-0.9995661377906799
39;59100;VEV_6000;0;24;;;;;1;24;;;;;0.5;-0.9995749592781067
39;59200;VEV_6000;0;28;;;;;1;28;;;;;0.5;-0.9995843172073364
39;59300;VEV_6000;0;24;;;;;1;24;;;;;0.5;-0.9995667934417725
39;59400;VEV_6000;0;21;;;;;1;21;;;;;0.5;-0.999569296836853
39;59500;VEV_6000;0;21;;;;;1;21;;;;;0.5;-0.9995725154876709
39;59600;VEV_6000;0;17;;;;;1;17;;;;;0.5;-0.999576985836029
39;59700;VEV_6000;0;21;;;;;1;21;;;;;0.5;-0.9995799660682678
39;59800;VEV_6000;0;24;;;;;1;24;;;;;0.5;-0.9995684027671814
39;59900;VEV_6000;0;19;;;;;1;19;;;;;0.5;-0.9995753169059753
39;60000;VEV_6000;0;22;;;;;1;22;;;;;0.5;-0.9995611310005188
39;60100;VEV_6000;0;21;;;;;1;21;;;;;0.5;-0.9995673298835754
39;60200;VEV_6000;0;19;;;;;1;19;;;;;0.5;-0.9995719194412231
39;60300;VEV_6000;0;24;;;;;1;24;;;;;0.5;-0.9995754957199097
39;60400;VEV_6000;0;22;;;;;1;22;;;;;0.5;-0.9995552897453308
39;60500;VEV_6000;0;19;;;;;1;19;;;;;0.5;-0.9995481967926025
39;60600;VEV_6000;0;23;;;;;1;23;;;;;0.5;-0.999530553817749
39;60700;VEV_6000;0;29;;;;;1;29;;;;;0.5;-0.9995332956314087
39;60800;VEV_6000;0;22;;;;;1;22;;;;;0.5;-0.9995184540748596
39;60900;VEV_6000;0;18;;;;;1;18;;;;;0.5;-0.9995238780975342
39;61000;VEV_6000;0;20;;;;;1;20;;;;;0.5;-0.9995177388191223
39;61100;VEV_6000;0;22;;;;;1;22;;;;;0.5;-0.999504804611206
39;61200;VEV_6000;0;19;;;;;1;19;;;;;0.5;-0.9994956254959106
39;61300;VEV_6000;0;22;;;;;1;22;;;;;0.5;-0.9994927644729614
39;61400;VEV_6000;0;30;;;;;1;27;;;;;0.5;-0.9994935989379883
39;61500;VEV_6000;0;21;;;;;1;21;;;;;0.5;-0.9995043873786926
39;61600;VEV_6000;0;26;;;;;1;26;;;;;0.5;-0.9995154142379761
39;61700;VEV_6000;0;23;;;;;1;23;;;;;0.5;-0.9995015859603882
39;61800;VEV_6000;0;24;;;;;1;24;;;;;0.5;-0.9994957447052002
39;61900;VEV_6000;0;22;;;;;1;22;;;;;0.5;-0.9994842410087585
39;62000;VEV_6000;0;29;;;;;1;29;;;;;0.5;-0.9994969367980957
39;62100;VEV_6000;0;23;;;;;1;23;;;;;0.5;-0.9995072484016418
39;62200;VEV_6000;0;21;;;;;1;21;;;;;0.5;-0.9995028376579285
39;62300;VEV_6000;0;20;;;;;1;20;;;;;0.5;-0.9995008111000061
39;62400;VEV_6000;0;30;;;;;1;30;;;;;0.5;-0.9995022416114807
39;62500;VEV_6000;0;22;;;;;1;22;;;;;0.5;-0.9994971752166748
39;62600;VEV_6000;0;23;;;;;1;23;;;;;0.5;-0.999492883682251
39;62700;VEV_6000;0;21;;;;;1;21;;;;;0.5;-0.999480664730072
39;62800;VEV_6000;0;18;;;;;1;18;;;;;0.5;-0.9994906187057495
39;62900;VEV_6000;0;18;;;;;1;18;;;;;0.5;-0.999488115310669
39;63000;VEV_6000;0;24;;;;;1;24;;;;;0.5;-0.9994876384735107
39;63100;VEV_6000;0;29;;;;;1;29;;;;;0.5;-0.9994868040084839
39;63200;VEV_6000;0;18;;;;;1;18;;;;;0.5;-0.9994487166404724
39;63300;VEV_6000;0;23;;;;;1;23;;;;;0.5;-0.9994592070579529
39;63400;VEV_6000;0;18;;;;;1;18;;;;;0.5;-0.9994357824325562
39;63500;VEV_6000;0;24;;;;;1;24;;;;;0.5;-0.9994389414787292
39;63600;VEV_6000;0;17;;;;;1;17;;;;;0.5;-0.9994385838508606
39;63700;VEV_6000;0;24;;;;;1;24;;;;;0.5;-0.9994556307792664
39;63800;VEV_6000;0;19;;;;;1;19;;;;;0.5;-0.9994513988494873
39;63900;VEV_6000;0;25;;;;;1;25;;;;;0.5;-0.9994665384292603
39;64000;VEV_6000;0;24;;;;;1;24;;;;;0.5;-0.9994446039199829
39;64100;VEV_6000;0;28;;;;;1;28;;;;;0.5;-0.9994454979896545
39;64200;VEV_6000;0;28;;;;;1;28;;;;;0.5;-0.9994304776191711
39;64300;VEV_6000;0;20;;;;;1;20;;;;;0.5;-0.9994375109672546
39;64400;VEV_6000;0;16;;;;;1;16;;;;;0.5;-0.999417781829834
39;64500;VEV_6000;0;19;;;;;1;19;;;;;0.5;-0.9994248151779175
39;64600;VEV_6000;0;23;;;;;1;23;;;;;0.5;-0.9994117021560669
39;64700;VEV_6000;0;18;;;;;1;18;;;;;0.5;-0.9994351267814636
39;64800;VEV_6000;0;16;;;;;1;16;;;;;0.5;-0.9994410276412964
39;64900;VEV_6000;0;22;;;;;1;22;;;;;0.5;-0.9994437098503113
39;65000;VEV_6000;0;27;;;;;1;27;;;;;0.5;-0.9994675517082214
39;65100;VEV_6000;0;21;;;;;1;21;;;;;0.5;-0.9994515180587769
39;65200;VEV_6000;0;29;;;;;1;29;;;;;0.5;-0.9994515180587769
39;65300;VEV_6000;0;22;;;;;1;17;;;;;0.5;-0.9994423389434814
39;65400;VEV_6000;0;19;;;;;1;19;;;;;0.5;-0.9994511604309082
39;65500;VEV_6000;0;22;;;;;1;22;;;;;0.5;-0.9994412064552307
39;65600;VEV_6000;0;22;;;;;1;22;;;;;0.5;-0.9994234442710876
39;65700;VEV_6000;0;25;;;;;1;25;;;;;0.5;-0.999413013458252
39;65800;VEV_6000;0;23;;;;;1;23;;;;;0.5;-0.999423623085022
39;65900;VEV_6000;0;20;;;;;1;20;;;;;0.5;-0.9994231462478638
39;66000;VEV_6000;0;25;;;;;1;25;;;;;0.5;-0.9994382262229919
39;66100;VEV_6000;0;29;;;;;1;29;;;;;0.5;-0.9994195103645325
39;66200;VEV_6000;0;28;;;;;1;28;;;;;0.5;-0.9994285702705383
39;66300;VEV_6000;0;23;;;;;1;23;;;;;0.5;-0.9994354844093323
39;66400;VEV_6000;0;19;;;;;1;19;;;;;0.5;-0.9994487166404724
39;66500;VEV_6000;0;20;;;;;1;20;;;;;0.5;-0.9994369745254517
39;66600;VEV_6000;0;29;;;;;1;29;;;;;0.5;-0.9994129538536072
39;66700;VEV_6000;0;20;;;;;1;20;;;;;0.5;-0.9993849992752075
39;66800;VEV_6000;0;24;;;;;1;24;;;;;0.5;-0.9993770122528076
39;66900;VEV_6000;0;17;;;;;1;17;;;;;0.5;-0.999383270740509
39;67000;VEV_6000;0;23;;;;;1;23;;;;;0.5;-0.9993730187416077
39;67100;VEV_6000;0;22;;;;;1;22;;;;;0.5;-0.9993591904640198
39;67200;VEV_6000;0;16;;;;;1;16;;;;;0.5;-0.9993529915809631
39;67300;VEV_6000;0;25;;;;;1;25;;;;;0.5;-0.9993531703948975
39;67400;VEV_6000;0;26;;;;;1;26;;;;;0.5;-0.999335765838623
39;67500;VEV_6000;0;29;;;;;1;29;;;;;0.5;-0.9993211627006531
39;67600;VEV_6000;0;27;;;;;1;27;;;;;0.5;-0.9992926120758057
39;67700;VEV_6000;0;25;;;;;1;25;;;;;0.5;-0.9992753267288208
39;67800;VEV_6000;0;25;;;;;1;25;;;;;0.5;-0.9992853403091431
39;67900;VEV_6000;0;29;;;;;1;29;;;;;0.5;-0.9992796182632446
39;68000;VEV_6000;0;20;;;;;1;20;;;;;0.5;-0.9992735981941223
39;68100;VEV_6000;0;21;;;;;1;21;;;;;0.5;-0.9992716312408447
39;68200;VEV_6000;0;18;;;;;1;18;;;;;0.5;-0.9992868304252625
39;68300;VEV_6000;0;25;;;;;1;25;;;;;0.5;-0.9992908239364624
39;68400;VEV_6000;0;30;;;;;1;30;;;;;0.5;-0.9993030428886414
39;68500;VEV_6000;0;20;;;;;1;20;;;;;0.5;-0.9993165135383606
39;68600;VEV_6000;0;16;;;;;1;16;;;;;0.5;-0.9993314146995544
39;68700;VEV_6000;0;17;;;;;1;17;;;;;0.5;-0.9993390440940857
39;68800;VEV_6000;0;24;;;;;1;24;;;;;0.5;-0.9993595480918884
39;68900;VEV_6000;0;18;;;;;1;18;;;;;0.5;-0.9993685483932495
39;69000;VEV_6000;0;25;;;;;1;25;;;;;0.5;-0.9993426203727722
39;69100;VEV_6000;0;23;;;;;1;23;;;;;0.5;-0.9993593692779541
39;69200;VEV_6000;0;24;;;;;1;24;;;;;0.5;-0.9993689060211182
39;69300;VEV_6000;0;26;;;;;1;26;;;;;0.5;-0.9993547201156616
39;69400;VEV_6000;0;27;;;;;1;27;;;;;0.5;-0.9993759393692017
39;69500;VEV_6000;0;30;;;;;1;30;;;;;0.5;-0.9993447661399841
39;69600;VEV_6000;0;30;;;;;1;30;;;;;0.5;-0.9993025064468384
39;69700;VEV_6000;0;24;;;;;1;24;;;;;0.5;-0.9993157386779785
39;69800;VEV_6000;0;17;;;;;1;17;;;;;0.5;-0.9993152022361755
39;69900;VEV_6000;0;20;;;;;1;20;;;;;0.5;-0.9992980360984802
39;70000;VEV_6000;0;22;;;;;1;22;;;;;0.5;-0.9992927312850952
39;70100;VEV_6000;0;26;;;;;1;26;;;;;0.5;-0.9993270635604858
39;70200;VEV_6000;0;26;;;;;1;26;;;;;0.5;-0.9993264675140381
39;70300;VEV_6000;0;21;;;;;1;21;;;;;0.5;-0.9993007183074951
39;70400;VEV_6000;0;19;;;;;1;19;;;;;0.5;-0.999293327331543
39;70500;VEV_6000;0;23;;;;;1;23;;;;;0.5;-0.9992850422859192
39;70600;VEV_6000;0;25;;;;;1;25;;;;;0.5;-0.9993175268173218
39;70700;VEV_6000;0;24;;;;;1;24;;;;;0.5;-0.9993061423301697
39;70800;VEV_6000;0;20;;;;;1;20;;;;;0.5;-0.9993178248405457
39;70900;VEV_6000;0;21;;;;;1;21;;;;;0.5;-0.9993196129798889
39;71000;VEV_6000;0;26;;;;;1;26;;;;;0.5;-0.9993513822555542
39;71100;VEV_6000;0;27;;;;;1;27;;;;;0.5;-0.9993519186973572
39;71200;VEV_6000;0;22;;;;;1;22;;;;;0.5;-0.9993686079978943
39;71300;VEV_6000;0;24;;;;;1;24;;;;;0.5;-0.9993672370910645
39;71400;VEV_6000;0;26;;;;;1;26;;;;;0.5;-0.9994047284126282
39;71500;VEV_6000;0;23;;;;;1;23;;;;;0.5;-0.9994044303894043
39;71600;VEV_6000;0;25;;;;;1;25;;;;;0.5;-0.9993958473205566
39;71700;VEV_6000;0;16;;;;;1;16;;;;;0.5;-0.9993923902511597
39;71800;VEV_6000;0;29;;;;;1;29;;;;;0.5;-0.9993624091148376
39;71900;VEV_6000;0;23;;;;;1;23;;;;;0.5;-0.999379575252533
39;72000;VEV_6000;0;21;;;;;1;21;;;;;0.5;-0.9993531107902527
39;72100;VEV_6000;0;25;;;;;1;25;;;;;0.5;-0.9993371367454529
39;72200;VEV_6000;0;20;;;;;1;20;;;;;0.5;-0.9993103742599487
39;72300;VEV_6000;0;23;;;;;1;23;;;;;0.5;-0.9993098378181458
39;72400;VEV_6000;0;27;;;;;1;27;;;;;0.5;-0.999310314655304
39;72500;VEV_6000;0;29;;;;;1;29;;;;;0.5;-0.999291718006134
39;72600;VEV_6000;0;23;;;;;1;23;;;;;0.5;-0.9992770552635193
39;72700;VEV_6000;0;21;;;;;1;21;;;;;0.5;-0.9992733597755432
39;72800;VEV_6000;0;19;;;;;1;19;;;;;0.5;-0.9992715716362
39;72900;VEV_6000;0;26;;;;;1;26;;;;;0.5;-0.9992944002151489
39;73000;VEV_6000;0;23;;;;;1;23;;;;;0.5;-0.9993025064468384
39;73100;VEV_6000;0;27;;;;;1;27;;;;;0.5;-0.9992812275886536
39;73200;VEV_6000;0;28;;;;;1;28;;;;;0.5;-0.9993077516555786
39;73300;VEV_6000;0;20;;;;;1;20;;;;;0.5;-0.9993199706077576
39;73400;VEV_6000;0;28;;;;;1;28;;;;;0.5;-0.999327540397644
39;73500;VEV_6000;0;16;;;;;1;16;;;;;0.5;-0.9993427991867065
39;73600;VEV_6000;0;23;;;;;1;23;;;;;0.5;-0.9993339776992798
39;73700;VEV_6000;0;27;;;;;1;27;;;;;0.5;-0.9993184208869934
39;73800;VEV_6000;0;27;;;;;1;27;;;;;0.5;-0.999332845211029
39;73900;VEV_6000;0;27;;;;;1;27;;;;;0.5;-0.999308168888092
39;74000;VEV_6000;0;24;;;;;1;24;;;;;0.5;-0.9993340373039246
39;74100;VEV_6000;0;25;;;;;1;25;;;;;0.5;-0.9993264675140381
39;74200;VEV_6000;0;26;;;;;1;26;;;;;0.5;-0.9993229508399963
39;74300;VEV_6000;0;28;;;;;1;28;;;;;0.5;-0.9993129968643188
39;74400;VEV_6000;0;29;;;;;1;29;;;;;0.5;-0.9993094205856323
39;74500;VEV_6000;0;20;;;;;1;20;;;;;0.5;-0.9993185997009277
39;74600;VEV_6000;0;21;;;;;1;21;;;;;0.5;-0.999325156211853
39;74700;VEV_6000;0;24;;;;;1;24;;;;;0.5;-0.9993245005607605
39;74800;VEV_6000;0;17;;;;;1;17;;;;;0.5;-0.9993394017219543
39;74900;VEV_6000;0;24;;;;;1;24;;;;;0.5;-0.9993367791175842
39;75000;VEV_6000;0;27;;;;;1;27;;;;;0.5;-0.9993359446525574
39;75100;VEV_6000;0;20;;;;;1;20;;;;;0.5;-0.9993661642074585
39;75200;VEV_6000;0;20;;;;;1;24;;;;;0.5;-0.9993502497673035
39;75300;VEV_6000;0;22;;;;;1;22;;;;;0.5;-0.9993712902069092
39;75400;VEV_6000;0;24;;;;;1;24;;;;;0.5;-0.9993307590484619
39;75500;VEV_6000;0;24;;;;;1;24;;;;;0.5;-0.9993326663970947
39;75600;VEV_6000;0;25;;;;;1;25;;;;;0.5;-0.9993286728858948
39;75700;VEV_6000;0;22;;;;;1;22;;;;;0.5;-0.9993382096290588
39;75800;VEV_6000;0;26;;;;;1;26;;;;;0.5;-0.9993327260017395
39;75900;VEV_6000;0;24;;;;;1;24;;;;;0.5;-0.9993411302566528
39;76000;VEV_6000;0;21;;;;;1;21;;;;;0.5;-0.99932461977005
39;76100;VEV_6000;0;22;;;;;1;22;;;;;0.5;-0.9993219375610352
39;76200;VEV_6000;0;23;;;;;1;23;;;;;0.5;-0.9993581771850586
39;76300;VEV_6000;0;17;;;;;1;17;;;;;0.5;-0.9993333220481873
39;76400;VEV_6000;0;21;;;;;1;21;;;;;0.5;-0.9993329644203186
39;76500;VEV_6000;0;26;;;;;1;26;;;;;0.5;-0.9993367195129395
39;76600;VEV_6000;0;20;;;;;1;20;;;;;0.5;-0.9993376135826111
39;76700;VEV_6000;0;23;;;;;1;23;;;;;0.5;-0.9993370175361633
39;76800;VEV_6000;0;23;;;;;1;23;;;;;0.5;-0.9993576407432556
39;76900;VEV_6000;0;19;;;;;1;19;;;;;0.5;-0.9993696212768555
39;77000;VEV_6000;0;20;;;;;1;20;;;;;0.5;-0.9993708729743958
39;77100;VEV_6000;0;20;;;;;1;20;;;;;0.5;-0.9993922114372253
39;77200;VEV_6000;0;21;;;;;1;21;;;;;0.5;-0.9993952512741089
39;77300;VEV_6000;0;27;;;;;1;27;;;;;0.5;-0.9994051456451416
39;77400;VEV_6000;0;24;;;;;1;24;;;;;0.5;-0.9994091391563416
39;77500;VEV_6000;0;26;;;;;1;26;;;;;0.5;-0.9993866086006165
39;77600;VEV_6000;0;28;;;;;1;28;;;;;0.5;-0.999385416507721
39;77700;VEV_6000;0;18;;;;;1;18;;;;;0.5;-0.9993886947631836
39;77800;VEV_6000;0;20;;;;;1;20;;;;;0.5;-0.9993704557418823
39;77900;VEV_6000;0;17;;;;;1;17;;;;;0.5;-0.9993561506271362
39;78000;VEV_6000;0;26;;;;;1;26;;;;;0.5;-0.9993885159492493
39;78100;VEV_6000;0;20;;;;;1;20;;;;;0.5;-0.9993486404418945
39;78200;VEV_6000;0;18;;;;;1;18;;;;;0.5;-0.9993571043014526
39;78300;VEV_6000;0;24;;;;;1;24;;;;;0.5;-0.9993805885314941
39;78400;VEV_6000;0;23;;;;;1;23;;;;;0.5;-0.999386727809906
39;78500;VEV_6000;0;25;;;;;1;25;;;;;0.5;-0.9993961453437805
39;78600;VEV_6000;0;20;;;;;1;20;;;;;0.5;-0.9994044303894043
39;78700;VEV_6000;0;22;;;;;1;22;;;;;0.5;-0.9994069933891296
39;78800;VEV_6000;0;29;;;;;1;25;;;;;0.5;-0.9993886947631836
39;78900;VEV_6000;0;25;;;;;1;25;;;;;0.5;-0.9993699193000793
39;79000;VEV_6000;0;24;;;;;1;24;;;;;0.5;-0.999372124671936
39;79100;VEV_6000;0;25;;;;;1;25;;;;;0.5;-0.9993736147880554
39;79200;VEV_6000;0;23;;;;;1;23;;;;;0.5;-0.9993703961372375
39;79300;VEV_6000;0;20;;;;;1;25;;;;;0.5;-0.999349057674408
39;79400;VEV_6000;0;25;;;;;1;25;;;;;0.5;-0.9993556141853333
39;79500;VEV_6000;0;19;;;;;1;19;;;;;0.5;-0.999367356300354
39;79600;VEV_6000;0;23;;;;;1;23;;;;;0.5;-0.9993380904197693
39;79700;VEV_6000;0;26;;;;;1;26;;;;;0.5;-0.9993664026260376
39;79800;VEV_6000;0;21;;;;;1;21;;;;;0.5;-0.9993633031845093
39;79900;VEV_6000;0;21;;;;;1;21;;;;;0.5;-0.999362051486969
39;80000;VEV_6000;0;23;;;;;1;23;;;;;0.5;-0.9993256330490112
39;80100;VEV_6000;0;24;;;;;1;24;;;;;0.5;-0.9992915391921997
39;80200;VEV_6000;0;20;;;;;1;20;;;;;0.5;-0.999311089515686
39;80300;VEV_6000;0;24;;;;;1;24;;;;;0.5;-0.9993083477020264
39;80400;VEV_6000;0;27;;;;;1;27;;;;;0.5;-0.9992901086807251
39;80500;VEV_6000;0;17;;;;;1;17;;;;;0.5;-0.9992900490760803
39;80600;VEV_6000;0;18;;;;;1;18;;;;;0.5;-0.9992996454238892
39;80700;VEV_6000;0;30;;;;;1;30;;;;;0.5;-0.9993093609809875
39;80800;VEV_6000;0;21;;;;;1;21;;;;;0.5;-0.9992817640304565
39;80900;VEV_6000;0;25;;;;;1;25;;;;;0.5;-0.9992845058441162
39;81000;VEV_6000;0;26;;;;;1;26;;;;;0.5;-0.999275267124176
39;81100;VEV_6000;0;29;;;;;1;29;;;;;0.5;-0.9992761611938477
39;81200;VEV_6000;0;27;;;;;1;27;;;;;0.5;-0.9992651343345642
39;81300;VEV_6000;0;23;;;;;1;23;;;;;0.5;-0.9992713928222656
39;81400;VEV_6000;0;20;;;;;1;20;;;;;0.5;-0.9992683529853821
39;81500;VEV_6000;0;24;;;;;1;24;;;;;0.5;-0.9992411136627197
39;81600;VEV_6000;0;27;;;;;1;27;;;;;0.5;-0.9992464780807495
39;81700;VEV_6000;0;20;;;;;1;20;;;;;0.5;-0.9992498755455017
39;81800;VEV_6000;0;22;;;;;1;22;;;;;0.5;-0.9992372989654541
39;81900;VEV_6000;0;19;;;;;1;19;;;;;0.5;-0.9992038607597351
39;82000;VEV_6000;0;24;;;;;1;24;;;;;0.5;-0.9991554021835327
39;82100;VEV_6000;0;22;;;;;1;22;;;;;0.5;-0.9991289973258972
39;82200;VEV_6000;0;17;;;;;1;17;;;;;0.5;-0.9990910887718201
39;82300;VEV_6000;0;17;;;;;1;17;;;;;0.5;-0.9990920424461365
39;82400;VEV_6000;0;22;;;;;1;22;;;;;0.5;-0.9990879893302917
39;82500;VEV_6000;0;28;;;;;1;28;;;;;0.5;-0.9991250038146973
39;82600;VEV_6000;0;23;;;;;1;23;;;;;0.5;-0.9991012811660767
39;82700;VEV_6000;0;25;;;;;1;25;;;;;0.5;-0.9991264939308167
39;82800;VEV_6000;0;18;;;;;1;18;;;;;0.5;-0.9991556406021118
39;82900;VEV_6000;0;16;;;;;1;16;;;;;0.5;-0.9991826415061951
39;83000;VEV_6000;0;23;;;;;1;23;;;;;0.5;-0.9991757273674011
39;83100;VEV_6000;0;19;;;;;1;19;;;;;0.5;-0.999191164970398
39;83200;VEV_6000;0;20;;;;;1;20;;;;;0.5;-0.9992097020149231
39;83300;VEV_6000;0;19;;;;;1;19;;;;;0.5;-0.9992122650146484
39;83400;VEV_6000;0;27;;;;;1;27;;;;;0.5;-0.9991858005523682
39;83500;VEV_6000;0;16;;;;;1;16;;;;;0.5;-0.9991629123687744
39;83600;VEV_6000;0;19;;;;;1;19;;;;;0.5;-0.9991765022277832
39;83700;VEV_6000;0;26;;;;;1;26;;;;;0.5;-0.9991851449012756
39;83800;VEV_6000;0;27;;;;;1;27;;;;;0.5;-0.9991527199745178
39;83900;VEV_6000;0;18;;;;;1;18;;;;;0.5;-0.9991428852081299
39;84000;VEV_6000;0;22;;;;;1;22;;;;;0.5;-0.999152421951294
39;84100;VEV_6000;0;23;;;;;1;23;;;;;0.5;-0.9991449117660522
39;84200;VEV_6000;0;24;;;;;1;24;;;;;0.5;-0.9991437792778015
39;84300;VEV_6000;0;26;;;;;1;26;;;;;0.5;-0.9991262555122375
39;84400;VEV_6000;0;15;;;;;1;15;;;;;0.5;-0.9990831613540649
39;84500;VEV_6000;0;21;;;;;1;21;;;;;0.5;-0.9990360736846924
39;84600;VEV_6000;0;26;;;;;1;26;;;;;0.5;-0.9990295767784119
39;84700;VEV_6000;0;17;;;;;1;17;;;;;0.5;-0.9989945888519287
39;84800;VEV_6000;0;21;;;;;1;21;;;;;0.5;-0.9990396499633789
39;84900;VEV_6000;0;21;;;;;1;21;;;;;0.5;-0.9991037845611572
39;85000;VEV_6000;0;22;;;;;1;22;;;;;0.5;-0.9991255402565002
39;85100;VEV_6000;0;19;;;;;1;19;;;;;0.5;-0.9991536736488342
39;85200;VEV_6000;0;21;;;;;1;21;;;;;0.5;-0.9991517663002014
39;85300;VEV_6000;0;21;;;;;1;21;;;;;0.5;-0.9991505146026611
39;85400;VEV_6000;0;16;;;;;1;16;;;;;0.5;-0.999151885509491
39;85500;VEV_6000;0;22;;;;;1;22;;;;;0.5;-0.9991024136543274
39;85600;VEV_6000;0;20;;;;;1;20;;;;;0.5;-0.9991099834442139
39;85700;VEV_6000;0;24;;;;;1;24;;;;;0.5;-0.9990817308425903
39;85800;VEV_6000;0;18;;;;;1;18;;;;;0.5;-0.9991341829299927
39;85900;VEV_6000;0;28;;;;;1;28;;;;;0.5;-0.9991593956947327
39;86000;VEV_6000;0;19;;;;;1;19;;;;;0.5;-0.9991495013237
39;86100;VEV_6000;0;23;;;;;1;23;;;;;0.5;-0.9991282224655151
39;86200;VEV_6000;0;20;;;;;1;20;;;;;0.5;-0.9991365075111389
39;86300;VEV_6000;0;20;;;;;1;20;;;;;0.5;-0.9991350769996643
39;86400;VEV_6000;0;18;;;;;1;18;;;;;0.5;-0.9991102814674377
39;86500;VEV_6000;0;20;;;;;1;20;;;;;0.5;-0.9991081357002258
39;86600;VEV_6000;0;27;;;;;1;27;;;;;0.5;-0.9991428852081299
39;86700;VEV_6000;0;20;;;;;1;20;;;;;0.5;-0.9991722702980042
39;86800;VEV_6000;0;30;;;;;1;30;;;;;0.5;-0.9991784691810608
39;86900;VEV_6000;0;24;;;;;1;24;;;;;0.5;-0.999151349067688
39;87000;VEV_6000;0;17;;;;;1;17;;;;;0.5;-0.9991567134857178
39;87100;VEV_6000;0;25;;;;;1;25;;;;;0.5;-0.9991391897201538
39;87200;VEV_6000;0;22;;;;;1;22;;;;;0.5;-0.9991438984870911
39;87300;VEV_6000;0;23;;;;;1;23;;;;;0.5;-0.9991162419319153
39;87400;VEV_6000;0;23;;;;;1;23;;;;;0.5;-0.9991181492805481
39;87500;VEV_6000;0;19;;;;;1;19;;;;;0.5;-0.9991126656532288
39;87600;VEV_6000;0;26;;;;;1;26;;;;;0.5;-0.999110758304596
39;87700;VEV_6000;0;17;;;;;1;17;;;;;0.5;-0.9991214275360107
39;87800;VEV_6000;0;24;;;;;1;24;;;;;0.5;-0.9991203546524048
39;87900;VEV_6000;0;21;;;;;1;21;;;;;0.5;-0.9991052746772766
39;88000;VEV_6000;0;27;;;;;1;27;;;;;0.5;-0.9991249442100525
39;88100;VEV_6000;0;16;;;;;1;16;;;;;0.5;-0.9991544485092163
39;88200;VEV_6000;0;27;;;;;1;27;;;;;0.5;-0.9991550445556641
39;88300;VEV_6000;0;28;;;;;1;28;;;;;0.5;-0.9991776943206787
39;88400;VEV_6000;0;21;;;;;1;21;;;;;0.5;-0.9991722702980042
39;88500;VEV_6000;0;19;;;;;1;19;;;;;0.5;-0.9991406798362732
39;88600;VEV_6000;0;19;;;;;1;19;;;;;0.5;-0.9991335272789001
39;88700;VEV_6000;0;22;;;;;1;22;;;;;0.5;-0.9991231560707092
39;88800;VEV_6000;0;15;;;;;1;15;;;;;0.5;-0.9991244077682495
39;88900;VEV_6000;0;21;;;;;1;21;;;;;0.5;-0.9991028308868408
39;89000;VEV_6000;0;21;;;;;1;21;;;;;0.5;-0.9991295337677002
39;89100;VEV_6000;0;22;;;;;1;22;;;;;0.5;-0.9991480708122253
39;89200;VEV_6000;0;27;;;;;1;27;;;;;0.5;-0.9991155862808228
39;89300;VEV_6000;0;24;;;;;1;24;;;;;0.5;-0.9991264939308167
39;89400;VEV_6000;0;21;;;;;1;21;;;;;0.5;-0.9991222620010376
39;89500;VEV_6000;0;24;;;;;1;24;;;;;0.5;-0.9991403222084045
39;89600;VEV_6000;0;20;;;;;1;20;;;;;0.5;-0.9991490840911865
39;89700;VEV_6000;0;20;;;;;1;20;;;;;0.5;-0.9991846680641174
39;89800;VEV_6000;0;21;;;;;1;21;;;;;0.5;-0.9991710186004639
39;89900;VEV_6000;0;23;;;;;1;23;;;;;0.5;-0.9991559386253357
39;90000;VEV_6000;0;23;;;;;1;23;;;;;0.5;-0.9991517663002014
39;90100;VEV_6000;0;15;;;;;1;15;;;;;0.5;-0.9991634488105774
39;90200;VEV_6000;0;18;;;;;1;18;;;;;0.5;-0.9991650581359863
39;90300;VEV_6000;0;20;;;;;1;20;;;;;0.5;-0.9991732835769653
39;90400;VEV_6000;0;18;;;;;1;18;;;;;0.5;-0.9991515874862671
39;90500;VEV_6000;0;24;;;;;1;24;;;;;0.5;-0.9991560578346252
39;90600;VEV_6000;0;23;;;;;1;23;;;;;0.5;-0.9991812109947205
39;90700;VEV_6000;0;17;;;;;1;17;;;;;0.5;-0.9991880655288696
39;90800;VEV_6000;0;18;;;;;1;18;;;;;0.5;-0.9992234706878662
39;90900;VEV_6000;0;19;;;;;1;19;;;;;0.5;-0.9992140531539917
39;91000;VEV_6000;0;24;;;;;1;24;;;;;0.5;-0.9992420077323914
39;91100;VEV_6000;0;20;;;;;1;20;;;;;0.5;-0.9992326498031616
39;91200;VEV_6000;0;17;;;;;1;17;;;;;0.5;-0.9992258548736572
39;91300;VEV_6000;0;25;;;;;1;25;;;;;0.5;-0.9991937279701233
39;91400;VEV_6000;0;23;;;;;1;23;;;;;0.5;-0.9991540312767029
39;91500;VEV_6000;0;27;;;;;1;27;;;;;0.5;-0.9991764426231384
39;91600;VEV_6000;0;29;;;;;1;29;;;;;0.5;-0.9991687536239624
39;91700;VEV_6000;0;22;;;;;1;22;;;;;0.5;-0.9991987347602844
39;91800;VEV_6000;0;19;;;;;1;19;;;;;0.5;-0.9991927742958069
39;91900;VEV_6000;0;22;;;;;1;22;;;;;0.5;-0.9992091655731201
39;92000;VEV_6000;0;26;;;;;1;26;;;;;0.5;-0.9991528391838074
39;92100;VEV_6000;0;19;;;;;1;19;;;;;0.5;-0.9991759657859802
39;92200;VEV_6000;0;27;;;;;1;27;;;;;0.5;-0.9991539120674133
39;92300;VEV_6000;0;28;;;;;1;28;;;;;0.5;-0.9991811513900757
39;92400;VEV_6000;0;18;;;;;1;18;;;;;0.5;-0.9991704821586609
39;92500;VEV_6000;0;26;;;;;1;26;;;;;0.5;-0.9991573095321655
39;92600;VEV_6000;0;16;;;;;1;16;;;;;0.5;-0.9991459250450134
39;92700;VEV_6000;0;27;;;;;1;27;;;;;0.5;-0.9991291165351868
39;92800;VEV_6000;0;25;;;;;1;25;;;;;0.5;-0.999099850654602
39;92900;VEV_6000;0;29;;;;;1;29;;;;;0.5;-0.9990801811218262
39;93000;VEV_6000;0;20;;;;;1;20;;;;;0.5;-0.9990716576576233
39;93100;VEV_6000;0;25;;;;;1;25;;;;;0.5;-0.9990604519844055
39;93200;VEV_6000;0;25;;;;;1;25;;;;;0.5;-0.9990916848182678
39;93300;VEV_6000;0;28;;;;;1;28;;;;;0.5;-0.9991016387939453
39;93400;VEV_6000;0;25;;;;;1;25;;;;;0.5;-0.9991363883018494
39;93500;VEV_6000;0;17;;;;;1;17;;;;;0.5;-0.999112069606781
39;93600;VEV_6000;0;16;;;;;1;16;;;;;0.5;-0.9991377592086792
39;93700;VEV_6000;0;22;;;;;1;22;;;;;0.5;-0.9991470575332642
39;93800;VEV_6000;0;18;;;;;1;18;;;;;0.5;-0.9991008639335632
39;93900;VEV_6000;0;20;;;;;1;20;;;;;0.5;-0.9990803003311157
39;94000;VEV_6000;0;24;;;;;1;24;;;;;0.5;-0.9991035461425781
39;94100;VEV_6000;0;24;;;;;1;24;;;;;0.5;-0.9991409778594971
39;94200;VEV_6000;0;19;;;;;1;19;;;;;0.5;-0.9991413354873657
39;94300;VEV_6000;0;26;;;;;1;26;;;;;0.5;-0.9991459250450134
39;94400;VEV_6000;0;20;;;;;1;20;;;;;0.5;-0.9991683959960938
39;94500;VEV_6000;0;25;;;;;1;25;;;;;0.5;-0.9991610050201416
39;94600;VEV_6000;0;25;;;;;1;25;;;;;0.5;-0.9991793036460876
39;94700;VEV_6000;0;21;;;;;1;21;;;;;0.5;-0.9992167949676514
39;94800;VEV_6000;0;23;;;;;1;23;;;;;0.5;-0.9992458820343018
39;94900;VEV_6000;0;21;;;;;1;21;;;;;0.5;-0.9992357492446899
39;95000;VEV_6000;0;19;;;;;1;19;;;;;0.5;-0.9992352724075317
39;95100;VEV_6000;0;17;;;;;1;17;;;;;0.5;-0.9992307424545288
39;95200;VEV_6000;0;25;;;;;1;25;;;;;0.5;-0.9992830753326416
39;95300;VEV_6000;0;20;;;;;1;20;;;;;0.5;-0.9993019700050354
39;95400;VEV_6000;0;19;;;;;1;19;;;;;0.5;-0.9992794990539551
39;95500;VEV_6000;0;23;;;;;1;23;;;;;0.5;-0.9992715716362
39;95600;VEV_6000;0;24;;;;;1;24;;;;;0.5;-0.9992674589157104
39;95700;VEV_6000;0;25;;;;;1;25;;;;;0.5;-0.9992728233337402
39;95800;VEV_6000;0;17;;;;;1;17;;;;;0.5;-0.9992934465408325
39;95900;VEV_6000;0;25;;;;;1;25;;;;;0.5;-0.9992915391921997
39;96000;VEV_6000;0;29;;;;;1;29;;;;;0.5;-0.9993005990982056
39;96100;VEV_6000;0;29;;;;;1;29;;;;;0.5;-0.9992884993553162
39;96200;VEV_6000;0;19;;;;;1;19;;;;;0.5;-0.9992561936378479
39;96300;VEV_6000;0;26;;;;;1;26;;;;;0.5;-0.9992349743843079
39;96400;VEV_6000;0;26;;;;;1;26;;;;;0.5;-0.9992046356201172
39;96500;VEV_6000;0;25;;;;;1;25;;;;;0.5;-0.9992311596870422
39;96600;VEV_6000;0;22;;;;;1;22;;;;;0.5;-0.9992533326148987
39;96700;VEV_6000;0;17;;;;;1;17;;;;;0.5;-0.9992446899414062
39;96800;VEV_6000;0;16;;;;;1;16;;;;;0.5;-0.9992539882659912
39;96900;VEV_6000;0;24;;;;;1;24;;;;;0.5;-0.999229907989502
39;97000;VEV_6000;0;22;;;;;1;22;;;;;0.5;-0.9992430210113525
39;97100;VEV_6000;0;27;;;;;1;27;;;;;0.5;-0.9992564916610718
39;97200;VEV_6000;0;19;;;;;1;19;;;;;0.5;-0.9992583394050598
39;97300;VEV_6000;0;23;;;;;1;23;;;;;0.5;-0.9992761015892029
39;97400;VEV_6000;0;25;;;;;1;25;;;;;0.5;-0.9992924332618713
39;97500;VEV_6000;0;23;;;;;1;23;;;;;0.5;-0.9992775321006775
39;97600;VEV_6000;0;17;;;;;1;17;;;;;0.5;-0.9992772936820984
39;97700;VEV_6000;0;21;;;;;1;21;;;;;0.5;-0.9992834329605103
39;97800;VEV_6000;0;25;;;;;1;25;;;;;0.5;-0.9992887377738953
39;97900;VEV_6000;0;24;;;;;1;24;;;;;0.5;-0.9992926120758057
39;98000;VEV_6000;0;21;;;;;1;21;;;;;0.5;-0.999272346496582
39;98100;VEV_6000;0;18;;;;;1;18;;;;;0.5;-0.9992290139198303
39;98200;VEV_6000;0;27;;;;;1;27;;;;;0.5;-0.9992072582244873
39;98300;VEV_6000;0;25;;;;;1;25;;;;;0.5;-0.9992064833641052
39;98400;VEV_6000;0;22;;;;;1;22;;;;;0.5;-0.9992190599441528
39;98500;VEV_6000;0;24;;;;;1;24;;;;;0.5;-0.9992257952690125
39;98600;VEV_6000;0;26;;;;;1;26;;;;;0.5;-0.9991989731788635
39;98700;VEV_6000;0;29;;;;;1;29;;;;;0.5;-0.9992150068283081
39;98800;VEV_6000;0;24;;;;;1;24;;;;;0.5;-0.9992238879203796
39;98900;VEV_6000;0;22;;;;;1;22;;;;;0.5;-0.99921053647995
39;99000;VEV_6000;0;24;;;;;1;24;;;;;0.5;-0.9992024302482605
39;99100;VEV_6000;0;26;;;;;1;26;;;;;0.5;-0.9992201328277588
39;99200;VEV_6000;0;16;;;;;1;16;;;;;0.5;-0.999224841594696
39;99300;VEV_6000;0;24;;;;;1;24;;;;;0.5;-0.9992371797561646
39;99400;VEV_6000;0;25;;;;;1;25;;;;;0.5;-0.9992138147354126
39;99500;VEV_6000;0;15;;;;;1;15;;;;;0.5;-0.9992250204086304
39;99600;VEV_6000;0;19;;;;;1;19;;;;;0.5;-0.999234676361084
39;99700;VEV_6000;0;25;;;;;1;25;;;;;0.5;-0.9992581605911255
39;99800;VEV_6000;0;24;;;;;1;24;;;;;0.5;-0.9992353320121765
39;99900;VEV_6000;0;21;;;;;1;21;;;;;0.5;-0.9992348551750183
