day;timestamp;product;bid_price_1;bid_volume_1;bid_price_2;bid_volume_2;bid_price_3;bid_volume_3;ask_price_1;ask_volume_1;ask_price_2;ask_volume_2;ask_price_3;ask_volume_3;mid_price;profit_and_loss
39;0;VEV_5200;102;21;;;;;106;21;;;;;104.0;0.0
39;100;VEV_5200;101;24;;;;;105;24;;;;;103.0;-3.0198440551757812
39;200;VEV_5200;102;8;101;15;;;105;23;;;;;103.5;-2.8763809204101562
39;300;VEV_5200;102;26;;;;;105;26;;;;;103.5;-2.60443115234375
39;400;VEV_5200;101;22;;;;;104;22;;;;;102.5;-3.61859130859375
39;500;VEV_5200;100;23;;;;;103;23;;;;;101.5;-4.642486572265625
39;600;VEV_5200;100;5;99;23;;;102;23;;;;;101.0;-5.456886291503906
39;700;VEV_5200;99;22;;;;;102;7;103;15;;;100.5;-5.068107604980469
39;800;VEV_5200;100;9;99;13;;;103;22;;;;;101.5;-4.908317565917969
39;900;VEV_5200;100;6;99;19;;;103;25;;;;;101.5;-4.858329772949219
39;1000;VEV_5200;100;12;99;12;;;103;24;;;;;101.5;-4.9096221923828125
39;1100;VEV_5200;100;23;;;;;103;23;;;;;101.5;-4.274131774902344
39;1200;VEV_5200;99;24;;;;;102;8;103;16;;;100.5;-5.190467834472656
39;1300;VEV_5200;99;21;;;;;102;21;;;;;100.5;-5.351188659667969
39;1400;VEV_5200;100;26;;;;;103;12;104;14;;;101.5;-4.0481719970703125
39;1500;VEV_5200;101;33;;;;;104;33;;;;;102.5;-3.5849761962890625
39;1600;VEV_5200;101;20;;;;;104;20;;;;;102.5;-3.571807861328125
39;1700;VEV_5200;102;19;;;;;105;19;;;;;103.5;-2.6866226196289062
39;1800;VEV_5200;102;6;101;21;;;105;27;;;;;103.5;-2.81536865234375
39;1900;VEV_5200;102;25;;;;;105;25;;;;;103.5;-2.3732986450195312
39;2000;VEV_5200;103;23;;;;;106;9;107;14;;;104.5;-1.2090606689453125
39;2100;VEV_5200;104;22;;;;;107;22;;;;;105.5;-0.4048919677734375
39;2200;VEV_5200;103;18;;;;;106;6;107;12;;;104.5;-1.1463088989257812
39;2300;VEV_5200;104;25;;;;;107;25;;;;;105.5;-0.6314468383789062
39;2400;VEV_5200;105;7;104;13;;;108;20;;;;;106.5;0.23400115966796875
39;2500;VEV_5200;106;23;;;;;109;23;;;;;107.5;1.562347412109375
39;2600;VEV_5200;106;22;;;;;109;9;110;13;;;107.5;1.8403854370117188
39;2700;VEV_5200;106;22;;;;;109;22;;;;;107.5;1.4364013671875
39;2800;VEV_5200;106;8;105;14;;;109;22;;;;;107.5;1.080902099609375
39;2900;VEV_5200;104;24;;;;;107;7;108;17;;;105.5;-0.2589874267578125
39;3000;VEV_5200;105;22;;;;;108;22;;;;;106.5;0.4370269775390625
39;3100;VEV_5200;106;27;;;;;109;27;;;;;107.5;1.651275634765625
39;3200;VEV_5200;106;30;;;;;110;30;;;;;108.0;2.0718460083007812
39;3300;VEV_5200;107;18;;;;;110;18;;;;;108.5;2.5725021362304688
39;3400;VEV_5200;108;10;107;24;;;111;34;;;;;109.5;3.1731033325195312
39;3500;VEV_5200;107;33;;;;;110;33;;;;;108.5;2.363525390625
39;3600;VEV_5200;107;27;;;;;110;12;111;15;;;108.5;2.8968963623046875
39;3700;VEV_5200;107;22;;;;;110;22;;;;;108.5;2.4654693603515625
39;3800;VEV_5200;107;30;;;;;110;8;111;22;;;108.5;2.7999954223632812
39;3900;VEV_5200;107;22;;;;;110;6;111;16;;;108.5;2.8436203002929688
39;4000;VEV_5200;107;6;106;16;;;110;22;;;;;108.5;2.1145248413085938
39;4100;VEV_5200;107;32;;;;;110;10;111;22;;;108.5;2.7066802978515625
39;4200;VEV_5200;108;7;107;13;;;111;20;;;;;109.5;3.2023239135742188
39;4300;VEV_5200;108;9;107;21;;;111;30;;;;;109.5;3.1642608642578125
39;4400;VEV_5200;106;32;;;;;109;12;110;20;;;107.5;1.775634765625
39;4500;VEV_5200;106;20;;;;;109;7;110;13;;;107.5;1.6757049560546875
39;4600;VEV_5200;105;24;;;;;108;6;109;18;;;106.5;0.7301864624023438
39;4700;VEV_5200;105;29;;;;;108;11;109;18;;;106.5;0.8407058715820312
39;4800;VEV_5200;105;26;;;;;108;11;109;15;;;106.5;0.6690521240234375
39;4900;VEV_5200;107;8;106;21;;;110;29;;;;;108.5;2.153289794921875
39;5000;VEV_5200;107;9;106;23;;;110;32;;;;;108.5;2.298065185546875
39;5100;VEV_5200;107;9;106;16;;;110;25;;;;;108.5;2.2359848022460938
39;5200;VEV_5200;107;12;106;24;;;110;36;;;;;108.5;2.2237625122070312
39;5300;VEV_5200;107;29;;;;;110;29;;;;;108.5;2.5472564697265625
39;5400;VEV_5200;107;10;106;18;;;110;28;;;;;108.5;2.2185287475585938
39;5500;VEV_5200;109;7;108;21;;;112;28;;;;;110.5;4.118232727050781
39;5600;VEV_5200;109;9;108;12;;;112;21;;;;;110.5;4.302330017089844
39;5700;VEV_5200;109;10;108;15;;;112;25;;;;;110.5;4.238380432128906
39;5800;VEV_5200;108;11;107;13;;;111;24;;;;;109.5;3.2493743896484375
39;5900;VEV_5200;108;20;;;;;111;20;;;;;109.5;3.47265625
39;6000;VEV_5200;108;27;;;;;111;11;112;16;;;109.5;3.8496170043945312
39;6100;VEV_5200;108;27;;;;;111;27;;;;;109.5;3.6041488647460938
39;6200;VEV_5200;108;24;;;;;111;12;112;12;;;109.5;3.8578414916992188
39;6300;VEV_5200;108;8;107;13;;;111;21;;;;;109.5;3.3050384521484375
39;6400;VEV_5200;107;26;;;;;110;11;111;15;;;108.5;2.7728958129882812
39;6500;VEV_5200;107;22;;;;;110;22;;;;;108.5;2.5794601440429688
39;6600;VEV_5200;107;10;106;14;;;110;24;;;;;108.5;2.2887115478515625
39;6700;VEV_5200;106;29;;;;;109;9;110;20;;;107.5;1.8671646118164062
39;6800;VEV_5200;106;32;;;;;110;32;;;;;108.0;1.95843505859375
39;6900;VEV_5200;107;24;;;;;110;24;;;;;108.5;2.5923538208007812
39;7000;VEV_5200;106;23;;;;;109;23;;;;;107.5;1.6154251098632812
39;7100;VEV_5200;105;29;;;;;108;29;;;;;106.5;0.5549774169921875
39;7200;VEV_5200;105;19;;;;;108;7;109;12;;;106.5;0.7135467529296875
39;7300;VEV_5200;105;33;;;;;108;11;109;22;;;106.5;0.8873214721679688
39;7400;VEV_5200;107;7;106;22;;;110;29;;;;;108.5;2.0899276733398438
39;7500;VEV_5200;107;30;;;;;111;30;;;;;109.0;2.9267578125
39;7600;VEV_5200;106;24;;;;;109;12;110;12;;;107.5;1.6733856201171875
39;7700;VEV_5200;107;11;106;17;;;110;28;;;;;108.5;2.2390975952148438
39;7800;VEV_5200;106;2;105;35;;;108;12;109;23;;;107.0;0.8732452392578125
39;7900;VEV_5200;106;25;;;;;109;25;;;;;107.5;1.414703369140625
39;8000;VEV_5200;105;34;;;;;108;11;109;23;;;106.5;0.77984619140625
39;8100;VEV_5200;105;27;;;;;108;27;;;;;106.5;0.5466232299804688
39;8200;VEV_5200;105;10;104;21;;;108;31;;;;;106.5;0.232574462890625
39;8300;VEV_5200;104;29;;;;;108;29;;;;;106.0;-0.03075408935546875
39;8400;VEV_5200;105;31;;;;;109;31;;;;;107.0;0.9521331787109375
39;8500;VEV_5200;105;36;;;;;108;12;109;24;;;106.5;0.7241439819335938
39;8600;VEV_5200;105;27;;;;;108;9;109;18;;;106.5;0.759735107421875
39;8700;VEV_5200;104;26;;;;;107;26;;;;;105.5;-0.6057815551757812
39;8800;VEV_5200;103;29;;;;;106;8;107;21;;;104.5;-1.1394729614257812
39;8900;VEV_5200;103;22;;;;;106;6;107;16;;;104.5;-1.2886581420898438
39;9000;VEV_5200;103;25;;;;;106;25;;;;;104.5;-1.6156387329101562
39;9100;VEV_5200;103;6;102;15;;;106;21;;;;;104.5;-1.92315673828125
39;9200;VEV_5200;102;36;;;;;105;36;;;;;103.5;-2.3492660522460938
39;9300;VEV_5200;102;7;101;20;;;105;27;;;;;103.5;-2.7818679809570312
39;9400;VEV_5200;101;27;;;;;104;27;;;;;102.5;-3.6017837524414062
39;9500;VEV_5200;100;22;;;;;103;9;104;13;;;101.5;-4.238006591796875
39;9600;VEV_5200;100;31;;;;;103;31;;;;;101.5;-4.497596740722656
39;9700;VEV_5200;100;25;;;;;103;25;;;;;101.5;-4.702247619628906
39;9800;VEV_5200;100;12;99;18;;;103;30;;;;;101.5;-4.758514404296875
39;9900;VEV_5200;99;22;;;;;102;8;103;14;;;100.5;-5.046363830566406
39;10000;VEV_5200;100;21;;;;;103;21;;;;;101.5;-4.5041961669921875
39;10100;VEV_5200;100;22;;;;;103;22;;;;;101.5;-4.444488525390625
39;10200;VEV_5200;99;27;;;;;102;11;103;16;;;100.5;-5.021453857421875
39;10300;VEV_5200;99;11;98;22;;;102;33;;;;;100.5;-5.841133117675781
39;10400;VEV_5200;99;27;;;;;102;6;103;21;;;100.5;-5.059112548828125
39;10500;VEV_5200;99;34;;;;;102;34;;;;;100.5;-5.52667236328125
39;10600;VEV_5200;99;30;;;;;102;30;;;;;100.5;-5.699592590332031
39;10700;VEV_5200;100;8;99;14;;;103;22;;;;;101.5;-4.7693634033203125
39;10800;VEV_5200;99;22;;;;;102;22;;;;;100.5;-5.7082672119140625
39;10900;VEV_5200;99;28;;;;;102;28;;;;;100.5;-5.398956298828125
39;11000;VEV_5200;100;34;;;;;103;34;;;;;101.5;-4.58050537109375
39;11100;VEV_5200;101;11;100;19;;;104;30;;;;;102.5;-3.8084335327148438
39;11200;VEV_5200;101;27;;;;;104;8;105;19;;;102.5;-3.282135009765625
39;11300;VEV_5200;101;23;;;;;105;23;;;;;103.0;-2.9827957153320312
39;11400;VEV_5200;103;9;102;15;;;106;24;;;;;104.5;-1.8131332397460938
39;11500;VEV_5200;103;26;;;;;106;26;;;;;104.5;-1.5290374755859375
39;11600;VEV_5200;102;33;;;;;105;12;106;21;;;103.5;-2.0473251342773438
39;11700;VEV_5200;103;7;102;12;;;106;19;;;;;104.5;-1.7363357543945312
39;11800;VEV_5200;102;33;;;;;105;33;;;;;103.5;-2.3831939697265625
39;11900;VEV_5200;103;28;;;;;106;9;107;19;;;104.5;-1.2647781372070312
39;12000;VEV_5200;104;18;;;;;107;18;;;;;105.5;-0.5598068237304688
39;12100;VEV_5200;104;23;;;;;107;23;;;;;105.5;-0.47997283935546875
39;12200;VEV_5200;104;23;;;;;107;23;;;;;105.5;-0.6800537109375
39;12300;VEV_5200;104;32;;;;;107;32;;;;;105.5;-0.6415481567382812
39;12400;VEV_5200;103;23;;;;;106;23;;;;;104.5;-1.6782989501953125
39;12500;VEV_5200;103;24;;;;;106;24;;;;;104.5;-1.4495315551757812
39;12600;VEV_5200;103;32;;;;;106;32;;;;;104.5;-1.6432952880859375
39;12700;VEV_5200;103;8;102;22;;;106;30;;;;;104.5;-1.8890457153320312
39;12800;VEV_5200;102;36;;;;;105;36;;;;;103.5;-2.4416351318359375
39;12900;VEV_5200;102;32;;;;;105;12;106;20;;;103.5;-2.1260833740234375
39;13000;VEV_5200;102;24;;;;;105;24;;;;;103.5;-2.6752777099609375
39;13100;VEV_5200;102;23;;;;;103;3;105;23;;;102.5;-2.3899154663085938
39;13200;VEV_5200;103;28;;;;;106;28;;;;;104.5;-1.5642242431640625
39;13300;VEV_5200;103;30;;;;;106;8;107;22;;;104.5;-1.184051513671875
39;13400;VEV_5200;103;12;102;20;;;106;32;;;;;104.5;-1.7058563232421875
39;13500;VEV_5200;102;6;101;19;;;105;25;;;;;103.5;-2.9527587890625
39;13600;VEV_5200;102;23;;;;;105;23;;;;;103.5;-2.6565933227539062
39;13700;VEV_5200;102;10;101;22;;;105;32;;;;;103.5;-2.8634033203125
39;13800;VEV_5200;102;24;;;;;105;24;;;;;103.5;-2.55352783203125
39;13900;VEV_5200;102;30;;;;;106;30;;;;;104.0;-2.0073394775390625
39;14000;VEV_5200;102;30;;;;;105;8;106;22;;;103.5;-2.271514892578125
39;14100;VEV_5200;102;36;;;;;106;36;;;;;104.0;-1.994232177734375
39;14200;VEV_5200;102;19;;;;;105;7;106;12;;;103.5;-2.1699142456054688
39;14300;VEV_5200;103;20;;;;;106;20;;;;;104.5;-1.5030975341796875
39;14400;VEV_5200;102;30;;;;;105;11;106;19;;;103.5;-2.1130142211914062
39;14500;VEV_5200;102;6;101;22;;;105;28;;;;;103.5;-2.7810134887695312
39;14600;VEV_5200;101;11;100;14;;;104;25;;;;;102.5;-3.8168258666992188
39;14700;VEV_5200;102;28;;;;;105;10;106;18;;;103.5;-2.2599639892578125
39;14800;VEV_5200;103;10;102;21;;;106;31;;;;;104.5;-1.76239013671875
39;14900;VEV_5200;102;23;;;;;105;8;106;15;;;103.5;-2.1126174926757812
39;15000;VEV_5200;102;27;;;;;105;9;106;18;;;103.5;-2.1120147705078125
39;15100;VEV_5200;103;26;;;;;107;26;;;;;105.0;-0.98114013671875
39;15200;VEV_5200;104;7;103;17;;;107;24;;;;;105.5;-0.7115478515625
39;15300;VEV_5200;104;23;;;;;107;23;;;;;105.5;-0.424652099609375
39;15400;VEV_5200;104;6;103;16;;;107;22;;;;;105.5;-0.911376953125
39;15500;VEV_5200;103;26;;;;;107;26;;;;;105.0;-1.0077896118164062
39;15600;VEV_5200;105;20;;;;;108;20;;;;;106.5;0.5123291015625
39;15700;VEV_5200;105;6;104;18;;;108;24;;;;;106.5;0.1693267822265625
39;15800;VEV_5200;104;20;;;;;108;20;;;;;106.0;-0.0143280029296875
39;15900;VEV_5200;105;26;;;;;108;26;;;;;106.5;0.64947509765625
39;16000;VEV_5200;105;21;;;;;108;9;109;12;;;106.5;0.7658920288085938
39;16100;VEV_5200;106;11;105;20;;;109;31;;;;;107.5;1.1445388793945312
39;16200;VEV_5200;105;34;;;;;109;34;;;;;107.0;0.9362106323242188
39;16300;VEV_5200;106;28;;;;;109;28;;;;;107.5;1.6488037109375
39;16400;VEV_5200;107;9;106;13;;;110;22;;;;;108.5;2.2900161743164062
39;16500;VEV_5200;106;25;;;;;109;8;110;17;;;107.5;1.7625961303710938
39;16600;VEV_5200;107;24;;;;;110;24;;;;;108.5;2.359283447265625
39;16700;VEV_5200;107;11;106;23;;;110;34;;;;;108.5;2.2838211059570312
39;16800;VEV_5200;107;10;106;15;;;110;25;;;;;108.5;2.287841796875
39;16900;VEV_5200;107;28;;;;;110;28;;;;;108.5;2.5573883056640625
39;17000;VEV_5200;107;21;;;;;110;8;111;13;;;108.5;2.648040771484375
39;17100;VEV_5200;107;24;;;;;110;24;;;;;108.5;2.61163330078125
39;17200;VEV_5200;108;26;;;;;111;26;;;;;109.5;3.4218215942382812
39;17300;VEV_5200;108;22;;;;;111;9;112;13;;;109.5;3.8969268798828125
39;17400;VEV_5200;109;26;;;;;112;26;;;;;110.5;4.545135498046875
39;17500;VEV_5200;109;27;;;;;112;27;;;;;110.5;4.4708099365234375
39;17600;VEV_5200;108;23;;;;;111;10;112;13;;;109.5;3.8169326782226562
39;17700;VEV_5200;107;26;;;;;110;8;111;18;;;108.5;2.67596435546875
39;17800;VEV_5200;107;26;;;;;110;26;;;;;108.5;2.5135498046875
39;17900;VEV_5200;107;32;;;;;110;12;111;20;;;108.5;2.6748809814453125
39;18000;VEV_5200;108;31;;;;;111;8;112;23;;;109.5;3.8336105346679688
39;18100;VEV_5200;108;31;;;;;111;31;;;;;109.5;3.397186279296875
39;18200;VEV_5200;108;28;;;;;111;28;;;;;109.5;3.474517822265625
39;18300;VEV_5200;108;25;;;;;111;25;;;;;109.5;3.4611358642578125
39;18400;VEV_5200;107;23;;;;;110;23;;;;;108.5;2.4367599487304688
39;18500;VEV_5200;107;28;;;;;110;8;111;20;;;108.5;2.7178878784179688
39;18600;VEV_5200;106;12;105;21;;;109;33;;;;;107.5;1.1041183471679688
39;18700;VEV_5200;105;30;;;;;109;30;;;;;107.0;1.0513381958007812
39;18800;VEV_5200;105;21;;;;;108;21;;;;;106.5;0.4972991943359375
39;18900;VEV_5200;105;34;;;;;109;34;;;;;107.0;1.0044631958007812
39;19000;VEV_5200;105;10;104;17;;;108;27;;;;;106.5;0.15644073486328125
39;19100;VEV_5200;105;2;104;25;;;107;8;108;17;;;106.0;-0.302734375
39;19200;VEV_5200;104;27;;;;;107;12;108;15;;;105.5;-0.068145751953125
39;19300;VEV_5200;105;12;104;23;;;108;35;;;;;106.5;0.16269683837890625
39;19400;VEV_5200;104;35;;;;;107;11;108;24;;;105.5;-0.3074798583984375
39;19500;VEV_5200;104;22;;;;;107;22;;;;;105.5;-0.5750350952148438
39;19600;VEV_5200;104;20;;;;;107;20;;;;;105.5;-0.4463653564453125
39;19700;VEV_5200;103;22;;;;;106;22;;;;;104.5;-1.4962844848632812
39;19800;VEV_5200;103;8;102;18;;;106;26;;;;;104.5;-1.9406356811523438
39;19900;VEV_5200;104;25;;;;;107;25;;;;;105.5;-0.5107345581054688
39;20000;VEV_5200;104;29;;;;;108;29;;;;;106.0;0.01629638671875
39;20100;VEV_5200;104;11;103;22;;;107;33;;;;;105.5;-0.708587646484375
39;20200;VEV_5200;104;26;;;;;107;7;108;19;;;105.5;-0.25434112548828125
39;20300;VEV_5200;104;10;103;13;;;107;23;;;;;105.5;-0.7967758178710938
39;20400;VEV_5200;104;30;;;;;107;9;108;21;;;105.5;-0.2284088134765625
39;20500;VEV_5200;104;12;103;19;;;107;31;;;;;105.5;-0.7752685546875
39;20600;VEV_5200;103;22;;;;;106;22;;;;;104.5;-1.3236846923828125
39;20700;VEV_5200;104;12;103;19;;;107;31;;;;;105.5;-0.8559951782226562
39;20800;VEV_5200;104;34;;;;;107;11;108;23;;;105.5;-0.069366455078125
39;20900;VEV_5200;105;25;;;;;106;5;108;25;;;105.5;0.5569381713867188
39;21000;VEV_5200;105;22;;;;;108;22;;;;;106.5;0.6482772827148438
39;21100;VEV_5200;104;30;;;;;107;30;;;;;105.5;-0.482818603515625
39;21200;VEV_5200;104;30;;;;;107;8;108;22;;;105.5;-0.1669921875
39;21300;VEV_5200;105;33;;;;;108;12;109;21;;;106.5;0.81536865234375
39;21400;VEV_5200;105;27;;;;;108;8;109;19;;;106.5;0.9000473022460938
39;21500;VEV_5200;106;8;105;24;;;109;32;;;;;107.5;1.1164932250976562
39;21600;VEV_5200;106;26;;;;;109;26;;;;;107.5;1.4261856079101562
39;21700;VEV_5200;106;27;;;;;109;27;;;;;107.5;1.3637008666992188
39;21800;VEV_5200;106;34;;;;;110;34;;;;;108.0;2.0010223388671875
39;21900;VEV_5200;106;23;;;;;110;23;;;;;108.0;1.9987335205078125
39;22000;VEV_5200;106;9;105;16;;;109;25;;;;;107.5;1.3080215454101562
39;22100;VEV_5200;105;31;;;;;108;10;109;21;;;106.5;0.6834487915039062
39;22200;VEV_5200;105;35;;;;;108;35;;;;;106.5;0.36400604248046875
39;22300;VEV_5200;105;9;104;14;;;108;23;;;;;106.5;0.2532958984375
39;22400;VEV_5200;104;27;;;;;108;27;;;;;106.0;-0.04126739501953125
39;22500;VEV_5200;104;22;;;;;107;10;108;12;;;105.5;-0.1415252685546875
39;22600;VEV_5200;104;35;;;;;107;12;108;23;;;105.5;-0.237884521484375
39;22700;VEV_5200;104;12;103;22;;;107;34;;;;;105.5;-0.858856201171875
39;22800;VEV_5200;103;22;;;;;106;6;107;16;;;104.5;-1.197845458984375
39;22900;VEV_5200;103;19;;;;;106;6;107;13;;;104.5;-1.10455322265625
39;23000;VEV_5200;103;6;102;13;;;106;19;;;;;104.5;-1.7337188720703125
39;23100;VEV_5200;103;11;102;13;;;106;24;;;;;104.5;-1.7902679443359375
39;23200;VEV_5200;102;32;;;;;105;11;106;21;;;103.5;-2.1982879638671875
39;23300;VEV_5200;101;32;;;;;104;32;;;;;102.5;-3.31427001953125
39;23400;VEV_5200;100;32;;;;;103;32;;;;;101.5;-4.30792236328125
39;23500;VEV_5200;101;8;100;16;;;102;2;104;24;;;101.5;-3.8293991088867188
39;23600;VEV_5200;100;26;;;;;103;26;;;;;101.5;-4.6167755126953125
39;23700;VEV_5200;101;12;100;22;;;104;34;;;;;102.5;-3.8291091918945312
39;23800;VEV_5200;101;6;100;24;;;104;30;;;;;102.5;-3.9581069946289062
39;23900;VEV_5200;101;27;;;;;104;7;105;20;;;102.5;-3.1050262451171875
39;24000;VEV_5200;101;22;;;;;105;22;;;;;103.0;-3.0194473266601562
39;24100;VEV_5200;101;26;;;;;104;26;;;;;102.5;-3.3964691162109375
39;24200;VEV_5200;102;8;101;20;;;105;28;;;;;103.5;-2.95654296875
39;24300;VEV_5200;101;21;;;;;104;6;105;15;;;102.5;-3.0584945678710938
39;24400;VEV_5200;102;33;;;;;105;33;;;;;103.5;-2.334686279296875
39;24500;VEV_5200;102;23;;;;;105;8;106;15;;;103.5;-2.2647933959960938
39;24600;VEV_5200;103;4;101;19;;;105;19;;;;;104.0;-2.9717178344726562
39;24700;VEV_5200;102;21;;;;;105;21;;;;;103.5;-2.437042236328125
39;24800;VEV_5200;102;28;;;;;105;28;;;;;103.5;-2.3545074462890625
39;24900;VEV_5200;102;21;;;;;105;21;;;;;103.5;-2.4576263427734375
39;25000;VEV_5200;102;9;101;17;;;105;26;;;;;103.5;-2.8050003051757812
39;25100;VEV_5200;102;25;;;;;105;25;;;;;103.5;-2.3253250122070312
39;25200;VEV_5200;103;33;;;;;106;33;;;;;104.5;-1.652557373046875
39;25300;VEV_5200;102;30;;;;;105;30;;;;;103.5;-2.7038192749023438
39;25400;VEV_5200;102;19;;;;;105;7;106;12;;;103.5;-2.1199111938476562
39;25500;VEV_5200;102;34;;;;;105;10;106;24;;;103.5;-2.18121337890625
39;25600;VEV_5200;103;12;102;21;;;106;33;;;;;104.5;-1.886444091796875
39;25700;VEV_5200;102;22;;;;;105;8;106;14;;;103.5;-2.29449462890625
39;25800;VEV_5200;102;23;;;;;105;23;;;;;103.5;-2.4756622314453125
39;25900;VEV_5200;103;9;102;22;;;106;31;;;;;104.5;-1.936614990234375
39;26000;VEV_5200;103;34;;;;;106;11;107;23;;;104.5;-1.2431869506835938
39;26100;VEV_5200;103;33;;;;;106;33;;;;;104.5;-1.4674148559570312
39;26200;VEV_5200;102;21;;;;;105;21;;;;;103.5;-2.5635604858398438
39;26300;VEV_5200;102;21;;;;;105;21;;;;;103.5;-2.582275390625
39;26400;VEV_5200;102;23;;;;;105;9;106;14;;;103.5;-2.17962646484375
39;26500;VEV_5200;102;25;;;;;105;8;106;17;;;103.5;-2.1570510864257812
39;26600;VEV_5200;102;19;;;;;105;7;106;12;;;103.5;-2.1460800170898438
39;26700;VEV_5200;103;27;;;;;106;27;;;;;104.5;-1.5423049926757812
39;26800;VEV_5200;103;33;;;;;106;33;;;;;104.5;-1.5830078125
39;26900;VEV_5200;103;31;;;;;106;8;107;23;;;104.5;-1.1844253540039062
39;27000;VEV_5200;102;21;;;;;105;21;;;;;103.5;-2.3069000244140625
39;27100;VEV_5200;102;23;;;;;105;23;;;;;103.5;-2.5189590454101562
39;27200;VEV_5200;101;29;;;;;104;29;;;;;102.5;-3.3796920776367188
39;27300;VEV_5200;101;19;;;;;105;19;;;;;103.0;-2.9751434326171875
39;27400;VEV_5200;101;11;100;21;;;104;32;;;;;102.5;-3.8113250732421875
39;27500;VEV_5200;101;29;;;;;104;8;105;21;;;102.5;-3.1764450073242188
39;27600;VEV_5200;102;32;;;;;105;32;;;;;103.5;-2.6884613037109375
39;27700;VEV_5200;102;28;;;;;105;28;;;;;103.5;-2.7082138061523438
39;27800;VEV_5200;101;31;;;;;104;31;;;;;102.5;-3.52117919921875
39;27900;VEV_5200;101;6;100;13;;;104;19;;;;;102.5;-3.8847808837890625
39;28000;VEV_5200;100;26;;;;;103;26;;;;;101.5;-4.627838134765625
39;28100;VEV_5200;102;19;;;;;105;19;;;;;103.5;-2.6595230102539062
39;28200;VEV_5200;103;9;102;12;;;106;21;;;;;104.5;-1.8995361328125
39;28300;VEV_5200;102;31;;;;;106;31;;;;;104.0;-1.9886093139648438
39;28400;VEV_5200;103;8;102;22;;;106;30;;;;;104.5;-1.9068222045898438
39;28500;VEV_5200;103;12;102;18;;;106;30;;;;;104.5;-1.9268035888671875
39;28600;VEV_5200;103;24;;;;;106;24;;;;;104.5;-1.66998291015625
39;28700;VEV_5200;103;11;102;18;;;106;29;;;;;104.5;-1.8962936401367188
39;28800;VEV_5200;102;29;;;;;105;29;;;;;103.5;-2.4916610717773438
39;28900;VEV_5200;102;30;;;;;105;30;;;;;103.5;-2.5320510864257812
39;29000;VEV_5200;102;8;101;19;;;105;27;;;;;103.5;-2.8776779174804688
39;29100;VEV_5200;102;27;;;;;105;27;;;;;103.5;-2.3255996704101562
39;29200;VEV_5200;102;22;;;;;106;22;;;;;104.0;-1.9785003662109375
39;29300;VEV_5200;102;33;;;;;105;33;;;;;103.5;-2.4215011596679688
39;29400;VEV_5200;102;19;;;;;105;7;106;12;;;103.5;-2.2146453857421875
39;29500;VEV_5200;102;25;;;;;103;2;105;8;106;17;102.5;-2.113800048828125
39;29600;VEV_5200;101;25;;;;;104;12;105;13;;;102.5;-3.0522537231445312
39;29700;VEV_5200;101;27;;;;;104;8;105;19;;;102.5;-3.1297683715820312
39;29800;VEV_5200;101;24;;;;;104;10;105;14;;;102.5;-3.1494140625
39;29900;VEV_5200;102;11;101;12;;;105;23;;;;;103.5;-2.867218017578125
39;30000;VEV_5200;101;23;;;;;104;23;;;;;102.5;-3.652130126953125
39;30100;VEV_5200;101;27;;;;;104;27;;;;;102.5;-3.5873031616210938
39;30200;VEV_5200;100;19;;;;;103;6;104;13;;;101.5;-4.250205993652344
39;30300;VEV_5200;101;4;100;12;99;23;103;35;;;;;102.0;-4.810600280761719
39;30400;VEV_5200;99;31;;;;;102;7;103;24;;;100.5;-5.025390625
39;30500;VEV_5200;100;21;;;;;103;21;;;;;101.5;-4.497642517089844
39;30600;VEV_5200;99;22;;;;;102;22;;;;;100.5;-5.4991607666015625
39;30700;VEV_5200;98;25;;;;;101;6;102;19;;;99.5;-6.0167694091796875
39;30800;VEV_5200;98;8;97;19;;;101;27;;;;;99.5;-6.893501281738281
39;30900;VEV_5200;98;26;;;;;101;6;102;20;;;99.5;-6.1133270263671875
39;31000;VEV_5200;97;29;;;;;100;29;;;;;98.5;-7.284477233886719
39;31100;VEV_5200;97;33;;;;;100;10;101;23;;;98.5;-7.142669677734375
39;31200;VEV_5200;97;29;;;;;100;29;;;;;98.5;-7.421104431152344
39;31300;VEV_5200;98;28;;;;;101;9;102;19;;;99.5;-6.0859527587890625
39;31400;VEV_5200;99;30;;;;;102;30;;;;;100.5;-5.6912994384765625
39;31500;VEV_5200;99;26;;;;;102;26;;;;;100.5;-5.597648620605469
39;31600;VEV_5200;99;22;;;;;102;22;;;;;100.5;-5.460868835449219
39;31700;VEV_5200;100;9;99;18;;;103;27;;;;;101.5;-4.751487731933594
39;31800;VEV_5200;100;8;99;22;;;103;30;;;;;101.5;-4.76495361328125
39;31900;VEV_5200;100;32;;;;;104;32;;;;;102.0;-4.000831604003906
39;32000;VEV_5200;101;28;;;;;104;28;;;;;102.5;-3.5124053955078125
39;32100;VEV_5200;101;32;;;;;104;11;105;21;;;102.5;-3.1031646728515625
39;32200;VEV_5200;101;30;;;;;104;11;105;19;;;102.5;-3.050537109375
39;32300;VEV_5200;102;31;;;;;105;9;106;22;;;103.5;-2.2430648803710938
39;32400;VEV_5200;102;24;;;;;105;12;106;12;;;103.5;-2.2927780151367188
39;32500;VEV_5200;102;20;;;;;106;20;;;;;104.0;-2.03863525390625
39;32600;VEV_5200;102;21;;;;;105;6;106;15;;;103.5;-2.1423187255859375
39;32700;VEV_5200;102;27;;;;;105;12;106;15;;;103.5;-2.1806869506835938
39;32800;VEV_5200;103;8;102;12;;;106;20;;;;;104.5;-1.8162078857421875
39;32900;VEV_5200;103;8;102;16;;;106;24;;;;;104.5;-1.9165267944335938
39;33000;VEV_5200;104;22;;;;;107;22;;;;;105.5;-0.6569747924804688
39;33100;VEV_5200;104;29;;;;;107;8;108;21;;;105.5;-0.25356292724609375
39;33200;VEV_5200;103;35;;;;;106;35;;;;;104.5;-1.4642868041992188
39;33300;VEV_5200;104;8;103;21;;;107;29;;;;;105.5;-0.90301513671875
39;33400;VEV_5200;104;32;;;;;107;9;108;23;;;105.5;-0.30672454833984375
39;33500;VEV_5200;104;7;103;18;;;107;25;;;;;105.5;-0.72003173828125
39;33600;VEV_5200;104;12;103;17;;;107;29;;;;;105.5;-0.8223114013671875
39;33700;VEV_5200;104;27;;;;;107;27;;;;;105.5;-0.6789093017578125
39;33800;VEV_5200;104;32;;;;;107;32;;;;;105.5;-0.38791656494140625
39;33900;VEV_5200;105;27;;;;;108;27;;;;;106.5;0.4094696044921875
39;34000;VEV_5200;105;22;;;;;108;22;;;;;106.5;0.42690277099609375
39;34100;VEV_5200;106;28;;;;;109;28;;;;;107.5;1.4538116455078125
39;34200;VEV_5200;107;9;106;20;;;110;29;;;;;108.5;2.1115951538085938
39;34300;VEV_5200;106;33;;;;;110;33;;;;;108.0;1.9332351684570312
39;34400;VEV_5200;106;22;;;;;109;22;;;;;107.5;1.53155517578125
39;34500;VEV_5200;106;12;105;21;;;109;33;;;;;107.5;1.0824966430664062
39;34600;VEV_5200;105;30;;;;;108;30;;;;;106.5;0.6323013305664062
39;34700;VEV_5200;105;33;;;;;108;33;;;;;106.5;0.342864990234375
39;34800;VEV_5200;104;26;;;;;107;26;;;;;105.5;-0.6608200073242188
39;34900;VEV_5200;104;9;103;21;;;107;30;;;;;105.5;-0.918792724609375
39;35000;VEV_5200;102;32;;;;;105;11;106;21;;;103.5;-2.2936325073242188
39;35100;VEV_5200;103;10;102;14;;;106;24;;;;;104.5;-1.7393722534179688
39;35200;VEV_5200;104;2;103;9;102;12;106;21;;;;;105.0;-1.9296112060546875
39;35300;VEV_5200;103;25;;;;;106;11;107;14;;;104.5;-1.2993850708007812
39;35400;VEV_5200;104;33;;;;;107;33;;;;;105.5;-0.373443603515625
39;35500;VEV_5200;104;31;;;;;107;31;;;;;105.5;-0.42736053466796875
39;35600;VEV_5200;104;31;;;;;107;31;;;;;105.5;-0.3978271484375
39;35700;VEV_5200;103;26;;;;;106;26;;;;;104.5;-1.3662948608398438
39;35800;VEV_5200;102;20;;;;;105;7;106;13;;;103.5;-2.215087890625
39;35900;VEV_5200;103;9;102;13;;;106;22;;;;;104.5;-1.8054275512695312
39;36000;VEV_5200;103;29;;;;;106;29;;;;;104.5;-1.671966552734375
39;36100;VEV_5200;103;32;;;;;107;32;;;;;105.0;-1.0106658935546875
39;36200;VEV_5200;103;26;;;;;107;26;;;;;105.0;-0.9508895874023438
39;36300;VEV_5200;102;21;;;;;106;21;;;;;104.0;-1.99810791015625
39;36400;VEV_5200;104;9;103;16;;;107;25;;;;;105.5;-0.9421234130859375
39;36500;VEV_5200;104;12;103;19;;;107;31;;;;;105.5;-0.8586807250976562
39;36600;VEV_5200;104;26;;;;;107;26;;;;;105.5;-0.6635665893554688
39;36700;VEV_5200;103;22;;;;;106;22;;;;;104.5;-1.4251861572265625
39;36800;VEV_5200;102;12;101;16;;;105;28;;;;;103.5;-2.7642669677734375
39;36900;VEV_5200;102;12;101;13;;;105;25;;;;;103.5;-2.8284149169921875
39;37000;VEV_5200;101;25;;;;;104;25;;;;;102.5;-3.3492813110351562
39;37100;VEV_5200;103;8;102;14;;;106;22;;;;;104.5;-1.9172134399414062
39;37200;VEV_5200;104;20;;;;;107;20;;;;;105.5;-0.567596435546875
39;37300;VEV_5200;103;24;;;;;106;24;;;;;104.5;-1.65740966796875
39;37400;VEV_5200;102;22;;;;;105;22;;;;;103.5;-2.5104751586914062
39;37500;VEV_5200;102;27;;;;;105;27;;;;;103.5;-2.342376708984375
39;37600;VEV_5200;102;12;101;16;;;105;28;;;;;103.5;-2.9098968505859375
39;37700;VEV_5200;103;32;;;;;106;32;;;;;104.5;-1.3643951416015625
39;37800;VEV_5200;103;7;102;16;;;106;23;;;;;104.5;-1.899017333984375
39;37900;VEV_5200;102;25;;;;;105;6;106;19;;;103.5;-2.0535202026367188
39;38000;VEV_5200;103;7;102;17;;;106;24;;;;;104.5;-1.9201889038085938
39;38100;VEV_5200;103;6;102;17;;;106;23;;;;;104.5;-1.9385604858398438
39;38200;VEV_5200;102;20;;;;;106;20;;;;;104.0;-2.0273818969726562
39;38300;VEV_5200;103;27;;;;;106;27;;;;;104.5;-1.5673675537109375
39;38400;VEV_5200;103;6;102;20;;;106;26;;;;;104.5;-1.7284774780273438
39;38500;VEV_5200;103;7;102;16;;;106;23;;;;;104.5;-1.771484375
39;38600;VEV_5200;103;12;102;21;;;106;33;;;;;104.5;-1.9103240966796875
39;38700;VEV_5200;103;29;;;;;106;29;;;;;104.5;-1.4820098876953125
39;38800;VEV_5200;103;6;102;18;;;106;24;;;;;104.5;-1.864501953125
39;38900;VEV_5200;103;7;102;15;;;106;22;;;;;104.5;-1.7286911010742188
39;39000;VEV_5200;103;9;102;21;;;106;30;;;;;104.5;-1.8193435668945312
39;39100;VEV_5200;103;12;102;19;;;106;31;;;;;104.5;-1.7993698120117188
39;39200;VEV_5200;102;10;101;18;;;105;28;;;;;103.5;-2.8210372924804688
39;39300;VEV_5200;102;3;101;26;;;104;26;;;;;103.0;-3.6891632080078125
39;39400;VEV_5200;101;27;;;;;104;9;105;18;;;102.5;-3.15228271484375
39;39500;VEV_5200;101;26;;;;;104;26;;;;;102.5;-3.6066055297851562
39;39600;VEV_5200;101;11;100;22;;;104;33;;;;;102.5;-3.7569961547851562
39;39700;VEV_5200;99;25;;;;;102;6;103;19;;;100.5;-5.242256164550781
39;39800;VEV_5200;100;5;99;6;98;19;102;25;;;;;101.0;-5.814483642578125
39;39900;VEV_5200;98;27;;;;;101;12;102;15;;;99.5;-6.07373046875
39;40000;VEV_5200;99;18;;;;;102;18;;;;;100.5;-5.4836273193359375
39;40100;VEV_5200;98;34;;;;;101;12;102;22;;;99.5;-6.1075286865234375
39;40200;VEV_5200;98;33;;;;;101;33;;;;;99.5;-6.61328125
39;40300;VEV_5200;98;10;97;16;;;101;26;;;;;99.5;-6.780982971191406
39;40400;VEV_5200;97;24;;;;;100;24;;;;;98.5;-7.269462585449219
39;40500;VEV_5200;97;32;;;;;100;32;;;;;98.5;-7.676544189453125
39;40600;VEV_5200;96;26;;;;;99;26;;;;;97.5;-8.293861389160156
39;40700;VEV_5200;95;31;;;;;98;31;;;;;96.5;-9.701622009277344
39;40800;VEV_5200;95;30;;;;;98;30;;;;;96.5;-9.620819091796875
39;40900;VEV_5200;94;25;;;;;97;25;;;;;95.5;-10.587760925292969
39;41000;VEV_5200;95;12;94;20;;;97;12;98;20;;;96.0;-10.001518249511719
39;41100;VEV_5200;94;28;;;;;97;28;;;;;95.5;-10.318580627441406
39;41200;VEV_5200;94;12;93;17;;;96;12;97;17;;;95.0;-11.036964416503906
39;41300;VEV_5200;94;31;;;;;97;31;;;;;95.5;-10.770072937011719
39;41400;VEV_5200;94;7;93;18;;;97;25;;;;;95.5;-10.870124816894531
39;41500;VEV_5200;93;11;92;15;;;96;26;;;;;94.5;-11.852210998535156
39;41600;VEV_5200;92;31;;;;;95;31;;;;;93.5;-12.231529235839844
39;41700;VEV_5200;93;11;92;22;;;95;11;96;22;;;94.0;-12.046600341796875
39;41800;VEV_5200;93;25;;;;;96;25;;;;;94.5;-11.529792785644531
39;41900;VEV_5200;92;31;;;;;93;2;95;31;;;92.5;-12.605575561523438
39;42000;VEV_5200;91;29;;;;;94;29;;;;;92.5;-13.160812377929688
39;42100;VEV_5200;92;27;;;;;95;7;96;20;;;93.5;-12.129058837890625
39;42200;VEV_5200;93;23;;;;;96;10;97;13;;;94.5;-11.110679626464844
39;42300;VEV_5200;94;24;;;;;97;6;98;18;;;95.5;-10.147651672363281
39;42400;VEV_5200;94;22;;;;;97;22;;;;;95.5;-10.559059143066406
39;42500;VEV_5200;94;30;;;;;97;30;;;;;95.5;-10.409721374511719
39;42600;VEV_5200;94;34;;;;;97;12;98;22;;;95.5;-10.134010314941406
39;42700;VEV_5200;94;7;93;22;;;97;29;;;;;95.5;-10.894744873046875
39;42800;VEV_5200;94;12;93;19;;;97;31;;;;;95.5;-10.92022705078125
39;42900;VEV_5200;94;20;;;;;95;4;97;20;;;94.5;-10.663246154785156
39;43000;VEV_5200;94;7;93;17;;;96;7;97;17;;;95.0;-10.956413269042969
39;43100;VEV_5200;94;8;93;14;;;97;22;;;;;95.5;-10.910247802734375
39;43200;VEV_5200;94;9;93;13;;;97;22;;;;;95.5;-10.854995727539062
39;43300;VEV_5200;94;6;93;19;;;96;6;97;19;;;95.0;-11.016624450683594
39;43400;VEV_5200;94;30;;;;;97;30;;;;;95.5;-10.372764587402344
39;43500;VEV_5200;93;24;;;;;96;24;;;;;94.5;-11.565643310546875
39;43600;VEV_5200;93;35;;;;;96;35;;;;;94.5;-11.212020874023438
39;43700;VEV_5200;93;22;;;;;96;22;;;;;94.5;-11.819290161132812
39;43800;VEV_5200;92;19;;;;;95;19;;;;;93.5;-12.727127075195312
39;43900;VEV_5200;92;24;;;;;95;24;;;;;93.5;-12.324501037597656
39;44000;VEV_5200;93;9;92;24;;;95;9;96;24;;;94.0;-11.95965576171875
39;44100;VEV_5200;94;6;93;17;;;96;6;97;17;;;95.0;-10.960334777832031
39;44200;VEV_5200;94;18;;;;;97;18;;;;;95.5;-10.3759765625
39;44300;VEV_5200;94;32;;;;;97;10;98;22;;;95.5;-10.177192687988281
39;44400;VEV_5200;95;27;;;;;98;27;;;;;96.5;-9.703964233398438
39;44500;VEV_5200;95;27;;;;;98;10;99;17;;;96.5;-9.13458251953125
39;44600;VEV_5200;96;31;;;;;99;31;;;;;97.5;-8.413658142089844
39;44700;VEV_5200;97;12;96;24;;;100;36;;;;;98.5;-7.975578308105469
39;44800;VEV_5200;97;29;;;;;100;29;;;;;98.5;-7.6647491455078125
39;44900;VEV_5200;97;22;;;;;100;22;;;;;98.5;-7.567024230957031
39;45000;VEV_5200;97;30;;;;;100;30;;;;;98.5;-7.4425811767578125
39;45100;VEV_5200;97;22;;;;;98;5;100;22;;;97.5;-7.6706390380859375
39;45200;VEV_5200;96;19;;;;;99;7;100;12;;;97.5;-8.154922485351562
39;45300;VEV_5200;95;27;;;;;98;7;99;20;;;96.5;-9.19580078125
39;45400;VEV_5200;95;28;;;;;98;28;;;;;96.5;-9.655525207519531
39;45500;VEV_5200;96;6;95;24;;;99;30;;;;;97.5;-8.919677734375
39;45600;VEV_5200;96;7;95;13;;;99;20;;;;;97.5;-8.934165954589844
39;45700;VEV_5200;95;31;;;;;98;31;;;;;96.5;-9.369827270507812
39;45800;VEV_5200;95;34;;;;;98;34;;;;;96.5;-9.54071044921875
39;45900;VEV_5200;95;24;;;;;98;24;;;;;96.5;-9.345077514648438
39;46000;VEV_5200;95;29;;;;;98;29;;;;;96.5;-9.478134155273438
39;46100;VEV_5200;95;10;94;15;;;98;25;;;;;96.5;-9.815811157226562
39;46200;VEV_5200;95;29;;;;;98;29;;;;;96.5;-9.299629211425781
39;46300;VEV_5200;96;27;;;;;99;27;;;;;97.5;-8.574851989746094
39;46400;VEV_5200;96;31;;;;;99;11;100;20;;;97.5;-8.050643920898438
39;46500;VEV_5200;96;22;;;;;99;22;;;;;97.5;-8.332130432128906
39;46600;VEV_5200;97;10;96;12;;;99;10;100;12;;;98.0;-7.986274719238281
39;46700;VEV_5200;97;7;96;19;;;100;26;;;;;98.5;-7.8947601318359375
39;46800;VEV_5200;97;26;;;;;100;26;;;;;98.5;-7.759971618652344
39;46900;VEV_5200;97;22;;;;;100;22;;;;;98.5;-7.6624298095703125
39;47000;VEV_5200;97;27;;;;;100;27;;;;;98.5;-7.3872528076171875
39;47100;VEV_5200;97;33;;;;;100;10;101;23;;;98.5;-7.111808776855469
39;47200;VEV_5200;97;34;;;;;100;11;101;23;;;98.5;-7.0211029052734375
39;47300;VEV_5200;97;9;96;15;;;100;24;;;;;98.5;-7.849082946777344
39;47400;VEV_5200;97;30;;;;;100;30;;;;;98.5;-7.3212127685546875
39;47500;VEV_5200;98;27;;;;;101;27;;;;;99.5;-6.7433319091796875
39;47600;VEV_5200;98;19;;;;;101;19;;;;;99.5;-6.6441497802734375
39;47700;VEV_5200;97;28;;;;;100;28;;;;;98.5;-7.2821502685546875
39;47800;VEV_5200;97;21;;;;;100;21;;;;;98.5;-7.575836181640625
39;47900;VEV_5200;97;27;;;;;100;27;;;;;98.5;-7.398048400878906
39;48000;VEV_5200;98;9;97;15;;;101;24;;;;;99.5;-6.917503356933594
39;48100;VEV_5200;97;24;;;;;100;24;;;;;98.5;-7.662391662597656
39;48200;VEV_5200;98;7;97;22;;;101;29;;;;;99.5;-6.7771453857421875
39;48300;VEV_5200;97;23;;;;;100;6;101;17;;;98.5;-7.213066101074219
39;48400;VEV_5200;97;23;;;;;100;23;;;;;98.5;-7.391700744628906
39;48500;VEV_5200;98;12;97;12;;;100;12;101;12;;;99.0;-7.003944396972656
39;48600;VEV_5200;98;6;97;19;;;101;25;;;;;99.5;-6.9744110107421875
39;48700;VEV_5200;97;29;;;;;100;12;101;17;;;98.5;-7.0439605712890625
39;48800;VEV_5200;97;35;;;;;100;35;;;;;98.5;-7.453773498535156
39;48900;VEV_5200;97;31;;;;;100;31;;;;;98.5;-7.6939544677734375
39;49000;VEV_5200;97;9;96;13;;;99;9;100;13;;;98.0;-7.99298095703125
39;49100;VEV_5200;97;22;;;;;100;22;;;;;98.5;-7.47283935546875
39;49200;VEV_5200;97;10;96;22;;;100;32;;;;;98.5;-7.8685302734375
39;49300;VEV_5200;97;25;;;;;100;25;;;;;98.5;-7.37396240234375
39;49400;VEV_5200;98;31;;;;;101;31;;;;;99.5;-6.6085968017578125
39;49500;VEV_5200;97;31;;;;;100;31;;;;;98.5;-7.306632995605469
39;49600;VEV_5200;97;27;;;;;100;27;;;;;98.5;-7.58428955078125
39;49700;VEV_5200;97;27;;;;;100;12;101;15;;;98.5;-7.07879638671875
39;49800;VEV_5200;97;29;;;;;100;12;101;17;;;98.5;-7.1795501708984375
39;49900;VEV_5200;98;28;;;;;101;12;102;16;;;99.5;-6.1960906982421875
39;50000;VEV_5200;98;27;;;;;101;8;102;19;;;99.5;-6.1579437255859375
39;50100;VEV_5200;99;12;98;13;;;102;25;;;;;100.5;-5.931053161621094
39;50200;VEV_5200;98;9;97;15;;;101;24;;;;;99.5;-6.9286346435546875
39;50300;VEV_5200;97;32;;;;;100;11;101;21;;;98.5;-7.134307861328125
39;50400;VEV_5200;98;23;;;;;101;23;;;;;99.5;-6.351631164550781
39;50500;VEV_5200;98;25;;;;;101;25;;;;;99.5;-6.690757751464844
39;50600;VEV_5200;99;27;;;;;102;27;;;;;100.5;-5.661216735839844
39;50700;VEV_5200;99;26;;;;;102;26;;;;;100.5;-5.455940246582031
39;50800;VEV_5200;101;11;100;17;;;104;28;;;;;102.5;-3.969085693359375
39;50900;VEV_5200;101;24;;;;;104;11;105;13;;;102.5;-3.1361083984375
39;51000;VEV_5200;101;10;100;15;;;104;25;;;;;102.5;-3.8605270385742188
39;51100;VEV_5200;101;6;100;23;;;104;29;;;;;102.5;-3.939697265625
39;51200;VEV_5200;100;24;;;;;103;24;;;;;101.5;-4.5340423583984375
39;51300;VEV_5200;101;25;;;;;104;25;;;;;102.5;-3.5331192016601562
39;51400;VEV_5200;101;27;;;;;104;27;;;;;102.5;-3.6737213134765625
39;51500;VEV_5200;100;23;;;;;103;23;;;;;101.5;-4.550537109375
39;51600;VEV_5200;101;23;;;;;104;23;;;;;102.5;-3.6498565673828125
39;51700;VEV_5200;100;8;99;18;;;103;26;;;;;101.5;-4.8006134033203125
39;51800;VEV_5200;100;6;99;13;;;103;19;;;;;101.5;-4.744293212890625
39;51900;VEV_5200;99;28;;;;;102;28;;;;;100.5;-5.3221435546875
39;52000;VEV_5200;99;27;;;;;102;27;;;;;100.5;-5.391441345214844
39;52100;VEV_5200;100;9;99;18;;;103;27;;;;;101.5;-4.833778381347656
39;52200;VEV_5200;99;29;;;;;102;12;103;17;;;100.5;-5.2429962158203125
39;52300;VEV_5200;100;12;99;24;;;103;36;;;;;101.5;-4.92193603515625
39;52400;VEV_5200;99;32;;;;;102;10;103;22;;;100.5;-5.119102478027344
39;52500;VEV_5200;98;29;;;;;101;8;102;21;;;99.5;-6.035881042480469
39;52600;VEV_5200;98;23;;;;;101;23;;;;;99.5;-6.300849914550781
39;52700;VEV_5200;98;22;;;;;101;22;;;;;99.5;-6.654350280761719
39;52800;VEV_5200;98;26;;;;;101;26;;;;;99.5;-6.6946868896484375
39;52900;VEV_5200;98;25;;;;;99;5;101;25;;;98.5;-6.64520263671875
39;53000;VEV_5200;97;25;;;;;100;11;101;14;;;98.5;-7.1146392822265625
39;53100;VEV_5200;98;21;;;;;101;8;102;13;;;99.5;-6.076263427734375
39;53200;VEV_5200;99;31;;;;;102;31;;;;;100.5;-5.547271728515625
39;53300;VEV_5200;99;19;;;;;102;6;103;13;;;100.5;-5.2035064697265625
39;53400;VEV_5200;99;28;;;;;102;28;;;;;100.5;-5.425849914550781
39;53500;VEV_5200;99;7;98;14;;;102;21;;;;;100.5;-5.9114227294921875
39;53600;VEV_5200;98;21;;;;;101;21;;;;;99.5;-6.5254669189453125
39;53700;VEV_5200;98;7;97;20;;;100;7;101;20;;;99.0;-6.9995269775390625
39;53800;VEV_5200;97;21;;;;;100;9;101;12;;;98.5;-7.011253356933594
39;53900;VEV_5200;97;29;;;;;100;29;;;;;98.5;-7.5024566650390625
39;54000;VEV_5200;96;28;;;;;99;28;;;;;97.5;-8.501487731933594
39;54100;VEV_5200;97;23;;;;;100;23;;;;;98.5;-7.28021240234375
39;54200;VEV_5200;98;24;;;;;101;24;;;;;99.5;-6.45758056640625
39;54300;VEV_5200;98;9;97;19;;;101;28;;;;;99.5;-6.8759307861328125
39;54400;VEV_5200;98;12;97;12;;;101;24;;;;;99.5;-6.77294921875
39;54500;VEV_5200;99;6;98;12;;;102;18;;;;;100.5;-5.922126770019531
39;54600;VEV_5200;99;7;98;23;;;102;30;;;;;100.5;-5.946754455566406
39;54700;VEV_5200;97;21;;;;;100;6;101;15;;;98.5;-7.04730224609375
39;54800;VEV_5200;97;24;;;;;100;8;101;16;;;98.5;-7.091361999511719
39;54900;VEV_5200;97;9;96;23;;;100;32;;;;;98.5;-7.90093994140625
39;55000;VEV_5200;97;28;;;;;100;28;;;;;98.5;-7.710670471191406
39;55100;VEV_5200;97;27;;;;;100;7;101;20;;;98.5;-7.0901947021484375
39;55200;VEV_5200;96;24;;;;;99;8;100;16;;;97.5;-8.091896057128906
39;55300;VEV_5200;95;25;;;;;98;7;99;18;;;96.5;-9.049179077148438
39;55400;VEV_5200;96;32;;;;;99;32;;;;;97.5;-8.595970153808594
39;55500;VEV_5200;96;24;;;;;99;24;;;;;97.5;-8.614631652832031
39;55600;VEV_5200;95;18;;;;;98;6;99;12;;;96.5;-9.030876159667969
39;55700;VEV_5200;96;28;;;;;99;28;;;;;97.5;-8.564056396484375
39;55800;VEV_5200;95;31;;;;;98;31;;;;;96.5;-9.251602172851562
39;55900;VEV_5200;95;28;;;;;98;28;;;;;96.5;-9.355453491210938
39;56000;VEV_5200;94;29;;;;;97;29;;;;;95.5;-10.247955322265625
39;56100;VEV_5200;95;35;;;;;98;35;;;;;96.5;-9.703712463378906
39;56200;VEV_5200;94;26;;;;;97;26;;;;;95.5;-10.691627502441406
39;56300;VEV_5200;93;33;;;;;96;33;;;;;94.5;-11.7113037109375
39;56400;VEV_5200;93;31;;;;;96;31;;;;;94.5;-11.654434204101562
39;56500;VEV_5200;93;32;;;;;96;32;;;;;94.5;-11.28857421875
39;56600;VEV_5200;93;30;;;;;96;30;;;;;94.5;-11.507194519042969
39;56700;VEV_5200;93;6;92;15;;;95;6;96;15;;;94.0;-12.006698608398438
39;56800;VEV_5200;93;27;;;;;96;27;;;;;94.5;-11.467857360839844
39;56900;VEV_5200;94;10;93;20;;;96;10;97;20;;;95.0;-11.017623901367188
39;57000;VEV_5200;93;12;92;24;;;95;12;96;24;;;94.0;-11.963180541992188
39;57100;VEV_5200;92;9;91;15;;;95;24;;;;;93.5;-12.891548156738281
39;57200;VEV_5200;92;12;91;17;;;95;29;;;;;93.5;-12.889144897460938
39;57300;VEV_5200;91;31;;;;;94;31;;;;;92.5;-13.471138000488281
39;57400;VEV_5200;91;31;;;;;94;31;;;;;92.5;-13.546707153320312
39;57500;VEV_5200;91;22;;;;;94;22;;;;;92.5;-13.225112915039062
39;57600;VEV_5200;91;33;;;;;94;33;;;;;92.5;-13.601539611816406
39;57700;VEV_5200;91;22;;;;;94;22;;;;;92.5;-13.504539489746094
39;57800;VEV_5200;91;31;;;;;94;31;;;;;92.5;-13.507621765136719
39;57900;VEV_5200;91;27;;;;;94;27;;;;;92.5;-13.579185485839844
39;58000;VEV_5200;90;29;;;;;93;8;94;21;;;91.5;-14.083442687988281
39;58100;VEV_5200;91;23;;;;;94;23;;;;;92.5;-13.464881896972656
39;58200;VEV_5200;92;27;;;;;95;27;;;;;93.5;-12.66412353515625
39;58300;VEV_5200;91;31;;;;;94;31;;;;;92.5;-13.563140869140625
39;58400;VEV_5200;90;23;;;;;93;23;;;;;91.5;-14.434272766113281
39;58500;VEV_5200;90;29;;;;;93;29;;;;;91.5;-14.426567077636719
39;58600;VEV_5200;90;27;;;;;93;27;;;;;91.5;-14.365859985351562
39;58700;VEV_5200;89;24;;;;;92;24;;;;;90.5;-15.46624755859375
39;58800;VEV_5200;88;29;;;;;91;29;;;;;89.5;-16.781036376953125
39;58900;VEV_5200;87;34;;;;;90;34;;;;;88.5;-17.259521484375
39;59000;VEV_5200;88;8;87;20;;;90;8;91;20;;;89.0;-16.947364807128906
39;59100;VEV_5200;87;24;;;;;90;24;;;;;88.5;-17.41852569580078
39;59200;VEV_5200;87;6;86;22;;;89;6;90;22;;;88.0;-18.023757934570312
39;59300;VEV_5200;88;8;87;23;;;90;8;91;23;;;89.0;-17.0174560546875
39;59400;VEV_5200;87;21;;;;;90;21;;;;;88.5;-17.279052734375
39;59500;VEV_5200;87;7;86;12;;;89;7;90;12;;;88.0;-17.908187866210938
39;59600;VEV_5200;86;25;;;;;89;25;;;;;87.5;-18.155784606933594
39;59700;VEV_5200;86;23;;;;;89;23;;;;;87.5;-18.18891143798828
39;59800;VEV_5200;87;31;;;;;90;31;;;;;88.5;-17.451866149902344
39;59900;VEV_5200;87;28;;;;;90;28;;;;;88.5;-17.804763793945312
39;60000;VEV_5200;88;34;;;;;91;34;;;;;89.5;-16.857803344726562
39;60100;VEV_5200;87;35;;;;;90;35;;;;;88.5;-17.205825805664062
39;60200;VEV_5200;87;28;;;;;90;28;;;;;88.5;-17.21240234375
39;60300;VEV_5200;87;18;;;;;90;18;;;;;88.5;-17.506324768066406
39;60400;VEV_5200;88;28;;;;;91;28;;;;;89.5;-16.44721221923828
39;60500;VEV_5200;88;18;;;;;91;18;;;;;89.5;-16.377761840820312
39;60600;VEV_5200;89;20;;;;;92;20;;;;;90.5;-15.6009521484375
39;60700;VEV_5200;89;34;;;;;92;34;;;;;90.5;-15.744232177734375
39;60800;VEV_5200;90;7;89;22;;;92;7;93;22;;;91.0;-15.023040771484375
39;60900;VEV_5200;89;27;;;;;92;27;;;;;90.5;-15.220596313476562
39;61000;VEV_5200;89;21;;;;;92;21;;;;;90.5;-15.153327941894531
39;61100;VEV_5200;90;25;;;;;93;25;;;;;91.5;-14.351287841796875
39;61200;VEV_5200;91;25;;;;;94;25;;;;;92.5;-13.702987670898438
39;61300;VEV_5200;91;28;;;;;94;28;;;;;92.5;-13.770004272460938
39;61400;VEV_5200;92;3;91;10;90;12;94;22;;;;;93.0;-13.896675109863281
39;61500;VEV_5200;90;31;;;;;93;31;;;;;91.5;-14.245292663574219
39;61600;VEV_5200;90;29;;;;;93;29;;;;;91.5;-14.443344116210938
39;61700;VEV_5200;91;31;;;;;94;31;;;;;92.5;-13.694892883300781
39;61800;VEV_5200;91;31;;;;;94;31;;;;;92.5;-13.521385192871094
39;61900;VEV_5200;92;8;91;19;;;94;8;95;19;;;93.0;-13.025039672851562
39;62000;VEV_5200;91;22;;;;;94;22;;;;;92.5;-13.602333068847656
39;62100;VEV_5200;91;6;90;19;;;93;6;94;19;;;92.0;-14.067169189453125
39;62200;VEV_5200;91;30;;;;;94;30;;;;;92.5;-13.832313537597656
39;62300;VEV_5200;90;36;;;;;93;12;94;24;;;91.5;-14.131828308105469
39;62400;VEV_5200;90;24;;;;;93;24;;;;;91.5;-14.263961791992188
39;62500;VEV_5200;91;8;90;24;;;93;8;94;24;;;92.0;-13.985130310058594
39;62600;VEV_5200;91;28;;;;;94;28;;;;;92.5;-13.516746520996094
39;62700;VEV_5200;92;10;91;15;;;94;10;95;15;;;93.0;-12.99505615234375
39;62800;VEV_5200;91;21;;;;;94;21;;;;;92.5;-13.349395751953125
39;62900;VEV_5200;91;30;;;;;94;30;;;;;92.5;-13.267494201660156
39;63000;VEV_5200;91;21;;;;;94;21;;;;;92.5;-13.372840881347656
39;63100;VEV_5200;91;27;;;;;94;27;;;;;92.5;-13.385650634765625
39;63200;VEV_5200;93;23;;;;;96;23;;;;;94.5;-11.742698669433594
39;63300;VEV_5200;92;34;;;;;95;10;96;24;;;93.5;-12.067802429199219
39;63400;VEV_5200;93;29;;;;;96;29;;;;;94.5;-11.202674865722656
39;63500;VEV_5200;93;29;;;;;96;29;;;;;94.5;-11.290740966796875
39;63600;VEV_5200;93;27;;;;;96;27;;;;;94.5;-11.282569885253906
39;63700;VEV_5200;92;30;;;;;95;30;;;;;93.5;-12.194808959960938
39;63800;VEV_5200;93;22;;;;;96;22;;;;;94.5;-11.7867431640625
39;63900;VEV_5200;92;29;;;;;95;29;;;;;93.5;-12.442733764648438
39;64000;VEV_5200;93;23;;;;;96;23;;;;;94.5;-11.535415649414062
39;64100;VEV_5200;93;29;;;;;96;29;;;;;94.5;-11.608512878417969
39;64200;VEV_5200;94;9;93;12;;;96;9;97;12;;;95.0;-11.006446838378906
39;64300;VEV_5200;93;20;;;;;96;20;;;;;94.5;-11.516769409179688
39;64400;VEV_5200;94;25;;;;;97;25;;;;;95.5;-10.54736328125
39;64500;VEV_5200;94;21;;;;;97;21;;;;;95.5;-10.751419067382812
39;64600;VEV_5200;94;24;;;;;97;24;;;;;95.5;-10.257110595703125
39;64700;VEV_5200;93;27;;;;;96;27;;;;;94.5;-11.337142944335938
39;64800;VEV_5200;93;24;;;;;96;24;;;;;94.5;-11.789497375488281
39;64900;VEV_5200;92;27;;;;;95;8;96;19;;;93.5;-12.063430786132812
39;65000;VEV_5200;92;11;91;24;;;94;11;95;24;;;93.0;-12.992156982421875
39;65100;VEV_5200;92;34;;;;;95;34;;;;;93.5;-12.380668640136719
39;65200;VEV_5200;92;27;;;;;95;27;;;;;93.5;-12.3319091796875
39;65300;VEV_5200;94;5;93;11;92;22;96;33;;;;;95.0;-11.834709167480469
39;65400;VEV_5200;93;9;92;23;;;95;9;96;23;;;94.0;-12.028030395507812
39;65500;VEV_5200;93;28;;;;;96;28;;;;;94.5;-11.643074035644531
39;65600;VEV_5200;94;8;93;12;;;97;20;;;;;95.5;-10.821449279785156
39;65700;VEV_5200;94;35;;;;;97;35;;;;;95.5;-10.643417358398438
39;65800;VEV_5200;93;28;;;;;96;7;97;21;;;94.5;-11.107856750488281
39;65900;VEV_5200;93;24;;;;;96;11;97;13;;;94.5;-11.126983642578125
39;66000;VEV_5200;93;10;92;20;;;96;30;;;;;94.5;-11.938560485839844
39;66100;VEV_5200;93;23;;;;;96;6;97;17;;;94.5;-11.066841125488281
39;66200;VEV_5200;93;26;;;;;96;26;;;;;94.5;-11.259376525878906
39;66300;VEV_5200;93;33;;;;;96;33;;;;;94.5;-11.496124267578125
39;66400;VEV_5200;92;28;;;;;95;28;;;;;93.5;-12.27337646484375
39;66500;VEV_5200;93;6;92;20;;;95;6;96;20;;;94.0;-11.973121643066406
39;66600;VEV_5200;94;8;93;19;;;97;27;;;;;95.5;-10.874214172363281
39;66700;VEV_5200;95;10;94;17;;;98;27;;;;;96.5;-9.868865966796875
39;66800;VEV_5200;95;29;;;;;98;29;;;;;96.5;-9.59857177734375
39;66900;VEV_5200;95;12;94;19;;;98;31;;;;;96.5;-9.882209777832031
39;67000;VEV_5200;95;24;;;;;98;24;;;;;96.5;-9.615768432617188
39;67100;VEV_5200;96;8;95;24;;;98;8;99;24;;;97.0;-9.003517150878906
39;67200;VEV_5200;96;10;95;19;;;99;29;;;;;97.5;-8.862808227539062
39;67300;VEV_5200;95;27;;;;;98;10;99;17;;;96.5;-9.13531494140625
39;67400;VEV_5200;96;35;;;;;99;35;;;;;97.5;-8.557563781738281
39;67500;VEV_5200;96;32;;;;;99;9;100;23;;;97.5;-8.107368469238281
39;67600;VEV_5200;98;9;97;12;;;100;9;101;12;;;99.0;-7.0070953369140625
39;67700;VEV_5200;98;32;;;;;101;32;;;;;99.5;-6.64434814453125
39;67800;VEV_5200;97;32;;;;;100;8;101;24;;;98.5;-7.0225677490234375
39;67900;VEV_5200;97;32;;;;;100;8;101;24;;;98.5;-7.020317077636719
39;68000;VEV_5200;98;24;;;;;101;24;;;;;99.5;-6.65350341796875
39;68100;VEV_5200;98;8;97;14;;;101;22;;;;;99.5;-6.9029541015625
39;68200;VEV_5200;97;32;;;;;100;11;101;21;;;98.5;-7.216957092285156
39;68300;VEV_5200;97;28;;;;;100;28;;;;;98.5;-7.49127197265625
39;68400;VEV_5200;96;35;;;;;99;12;100;23;;;97.5;-8.0228271484375
39;68500;VEV_5200;96;22;;;;;99;22;;;;;97.5;-8.5169677734375
39;68600;VEV_5200;95;26;;;;;98;8;99;18;;;96.5;-9.1173095703125
39;68700;VEV_5200;95;27;;;;;98;27;;;;;96.5;-9.44512939453125
39;68800;VEV_5200;94;29;;;;;97;29;;;;;95.5;-10.355018615722656
39;68900;VEV_5200;94;33;;;;;97;33;;;;;95.5;-10.703178405761719
39;69000;VEV_5200;95;24;;;;;98;24;;;;;96.5;-9.710189819335938
39;69100;VEV_5200;95;9;94;24;;;97;9;98;24;;;96.0;-10.025474548339844
39;69200;VEV_5200;94;24;;;;;97;24;;;;;95.5;-10.479782104492188
39;69300;VEV_5200;95;10;94;18;;;98;28;;;;;96.5;-9.914306640625
39;69400;VEV_5200;94;29;;;;;97;29;;;;;95.5;-10.739990234375
39;69500;VEV_5200;95;29;;;;;98;29;;;;;96.5;-9.38177490234375
39;69600;VEV_5200;97;8;96;17;;;100;25;;;;;98.5;-7.827278137207031
39;69700;VEV_5200;96;21;;;;;99;21;;;;;97.5;-8.544097900390625
39;69800;VEV_5200;96;32;;;;;99;32;;;;;97.5;-8.447731018066406
39;69900;VEV_5200;97;8;96;19;;;100;27;;;;;98.5;-7.881599426269531
39;70000;VEV_5200;97;31;;;;;100;31;;;;;98.5;-7.722633361816406
39;70100;VEV_5200;96;27;;;;;99;27;;;;;97.5;-8.579483032226562
39;70200;VEV_5200;96;27;;;;;99;27;;;;;97.5;-8.701156616210938
39;70300;VEV_5200;97;10;96;20;;;100;30;;;;;98.5;-7.9652252197265625
39;70400;VEV_5200;97;20;;;;;100;20;;;;;98.5;-7.755516052246094
39;70500;VEV_5200;97;20;;;;;100;20;;;;;98.5;-7.654609680175781
39;70600;VEV_5200;96;34;;;;;99;34;;;;;97.5;-8.778907775878906
39;70700;VEV_5200;96;33;;;;;99;33;;;;;97.5;-8.484413146972656
39;70800;VEV_5200;96;12;95;17;;;99;29;;;;;97.5;-8.814834594726562
39;70900;VEV_5200;96;6;95;19;;;99;25;;;;;97.5;-8.874366760253906
39;71000;VEV_5200;95;24;;;;;98;24;;;;;96.5;-9.673446655273438
39;71100;VEV_5200;95;21;;;;;98;21;;;;;96.5;-9.579216003417969
39;71200;VEV_5200;94;19;;;;;97;7;98;12;;;95.5;-10.059852600097656
39;71300;VEV_5200;95;8;94;15;;;98;23;;;;;96.5;-9.895439147949219
39;71400;VEV_5200;93;20;;;;;96;20;;;;;94.5;-11.395294189453125
39;71500;VEV_5200;93;32;;;;;96;32;;;;;94.5;-11.432167053222656
39;71600;VEV_5200;93;31;;;;;96;31;;;;;94.5;-11.207870483398438
39;71700;VEV_5200;93;26;;;;;96;9;97;17;;;94.5;-11.10845947265625
39;71800;VEV_5200;95;10;94;20;;;98;30;;;;;96.5;-9.880302429199219
39;71900;VEV_5200;94;30;;;;;97;30;;;;;95.5;-10.731758117675781
39;72000;VEV_5200;95;25;;;;;98;25;;;;;96.5;-9.495857238769531
39;72100;VEV_5200;96;8;95;24;;;99;32;;;;;97.5;-8.94476318359375
39;72200;VEV_5200;97;12;96;24;;;99;12;100;24;;;98.0;-8.0164794921875
39;72300;VEV_5200;96;23;;;;;99;10;100;13;;;97.5;-8.057991027832031
39;72400;VEV_5200;97;8;96;24;;;99;8;100;24;;;98.0;-7.993522644042969
39;72500;VEV_5200;97;29;;;;;100;29;;;;;98.5;-7.305595397949219
39;72600;VEV_5200;98;12;97;22;;;101;34;;;;;99.5;-6.8458099365234375
39;72700;VEV_5200;97;26;;;;;100;9;101;17;;;98.5;-7.0307159423828125
39;72800;VEV_5200;98;10;97;13;;;100;10;101;13;;;99.0;-7.0045318603515625
39;72900;VEV_5200;97;20;;;;;100;20;;;;;98.5;-7.615753173828125
39;73000;VEV_5200;97;10;96;13;;;100;23;;;;;98.5;-7.818077087402344
39;73100;VEV_5200;97;25;;;;;100;11;101;14;;;98.5;-7.0731048583984375
39;73200;VEV_5200;96;26;;;;;99;10;100;16;;;97.5;-8.124519348144531
39;73300;VEV_5200;96;25;;;;;99;25;;;;;97.5;-8.632286071777344
39;73400;VEV_5200;96;7;95;14;;;99;21;;;;;97.5;-8.956085205078125
39;73500;VEV_5200;95;22;;;;;98;22;;;;;96.5;-9.406219482421875
39;73600;VEV_5200;95;30;;;;;98;7;99;23;;;96.5;-9.031143188476562
39;73700;VEV_5200;96;34;;;;;99;34;;;;;97.5;-8.503517150878906
39;73800;VEV_5200;96;21;;;;;99;21;;;;;97.5;-8.763374328613281
39;73900;VEV_5200;96;25;;;;;99;10;100;15;;;97.5;-8.151237487792969
39;74000;VEV_5200;95;23;;;;;98;9;99;14;;;96.5;-9.166023254394531
39;74100;VEV_5200;96;30;;;;;99;30;;;;;97.5;-8.750175476074219
39;74200;VEV_5200;96;29;;;;;99;29;;;;;97.5;-8.708900451660156
39;74300;VEV_5200;96;29;;;;;99;6;100;23;;;97.5;-8.200538635253906
39;74400;VEV_5200;96;28;;;;;99;28;;;;;97.5;-8.440696716308594
39;74500;VEV_5200;96;29;;;;;99;29;;;;;97.5;-8.736907958984375
39;74600;VEV_5200;96;18;;;;;99;18;;;;;97.5;-8.736885070800781
39;74700;VEV_5200;96;10;95;12;;;99;22;;;;;97.5;-8.851142883300781
39;74800;VEV_5200;95;27;;;;;98;27;;;;;96.5;-9.259254455566406
39;74900;VEV_5200;95;23;;;;;98;6;99;17;;;96.5;-9.048301696777344
39;75000;VEV_5200;96;8;95;23;;;99;31;;;;;97.5;-8.804718017578125
39;75100;VEV_5200;95;35;;;;;98;35;;;;;96.5;-9.681198120117188
39;75200;VEV_5200;95;28;;;;;96;4;98;28;;;95.5;-9.277915954589844
39;75300;VEV_5200;95;9;94;16;;;97;9;98;16;;;96.0;-10.016502380371094
39;75400;VEV_5200;96;25;;;;;99;25;;;;;97.5;-8.652572631835938
39;75500;VEV_5200;96;25;;;;;99;25;;;;;97.5;-8.746986389160156
39;75600;VEV_5200;96;29;;;;;99;29;;;;;97.5;-8.707260131835938
39;75700;VEV_5200;95;25;;;;;98;25;;;;;96.5;-9.328544616699219
39;75800;VEV_5200;95;21;;;;;98;21;;;;;96.5;-9.272758483886719
39;75900;VEV_5200;95;26;;;;;98;26;;;;;96.5;-9.659454345703125
39;76000;VEV_5200;96;11;95;16;;;99;27;;;;;97.5;-8.928375244140625
39;76100;VEV_5200;96;12;95;24;;;99;36;;;;;97.5;-8.952033996582031
39;76200;VEV_5200;94;29;;;;;97;29;;;;;95.5;-10.445892333984375
39;76300;VEV_5200;95;20;;;;;98;20;;;;;96.5;-9.601119995117188
39;76400;VEV_5200;95;24;;;;;98;24;;;;;96.5;-9.541770935058594
39;76500;VEV_5200;95;24;;;;;98;24;;;;;96.5;-9.46966552734375
39;76600;VEV_5200;95;27;;;;;98;27;;;;;96.5;-9.482017517089844
39;76700;VEV_5200;95;25;;;;;98;25;;;;;96.5;-9.508712768554688
39;76800;VEV_5200;94;32;;;;;97;11;98;21;;;95.5;-10.1673583984375
39;76900;VEV_5200;94;29;;;;;97;29;;;;;95.5;-10.597381591796875
39;77000;VEV_5200;94;22;;;;;97;22;;;;;95.5;-10.578750610351562
39;77100;VEV_5200;93;35;;;;;96;11;97;24;;;94.5;-11.122993469238281
39;77200;VEV_5200;93;31;;;;;96;31;;;;;94.5;-11.22430419921875
39;77300;VEV_5200;93;25;;;;;96;25;;;;;94.5;-11.782180786132812
39;77400;VEV_5200;93;25;;;;;96;25;;;;;94.5;-11.661628723144531
39;77500;VEV_5200;94;32;;;;;97;32;;;;;95.5;-10.637176513671875
39;77600;VEV_5200;94;31;;;;;97;31;;;;;95.5;-10.543258666992188
39;77700;VEV_5200;94;30;;;;;97;30;;;;;95.5;-10.730522155761719
39;77800;VEV_5200;95;8;94;12;;;98;20;;;;;96.5;-9.880996704101562
39;77900;VEV_5200;95;21;;;;;98;21;;;;;96.5;-9.276130676269531
39;78000;VEV_5200;94;31;;;;;97;31;;;;;95.5;-10.391571044921875
39;78100;VEV_5200;96;24;;;;;99;24;;;;;97.5;-8.707550048828125
39;78200;VEV_5200;95;32;;;;;98;8;99;24;;;96.5;-9.036811828613281
39;78300;VEV_5200;95;12;94;16;;;98;28;;;;;96.5;-9.867225646972656
39;78400;VEV_5200;95;12;94;15;;;98;27;;;;;96.5;-9.838661193847656
39;78500;VEV_5200;94;22;;;;;97;6;98;16;;;95.5;-10.103622436523438
39;78600;VEV_5200;94;35;;;;;97;35;;;;;95.5;-10.468711853027344
39;78700;VEV_5200;94;21;;;;;97;21;;;;;95.5;-10.323028564453125
39;78800;VEV_5200;96;4;95;29;;;98;29;;;;;97.0;-9.553192138671875
39;78900;VEV_5200;96;8;95;16;;;99;24;;;;;97.5;-8.868156433105469
39;79000;VEV_5200;96;11;95;21;;;99;32;;;;;97.5;-8.9066162109375
39;79100;VEV_5200;95;27;;;;;98;7;99;20;;;96.5;-9.044937133789062
39;79200;VEV_5200;96;10;95;20;;;99;30;;;;;97.5;-8.847785949707031
39;79300;VEV_5200;97;11;96;13;;;98;5;100;24;;;97.5;-7.838798522949219
39;79400;VEV_5200;97;12;96;17;;;100;29;;;;;98.5;-7.8800506591796875
39;79500;VEV_5200;96;21;;;;;99;21;;;;;97.5;-8.3370361328125
39;79600;VEV_5200;97;32;;;;;100;32;;;;;98.5;-7.5280914306640625
39;79700;VEV_5200;96;32;;;;;99;32;;;;;97.5;-8.669639587402344
39;79800;VEV_5200;96;27;;;;;99;27;;;;;97.5;-8.296249389648438
39;79900;VEV_5200;97;11;96;12;;;99;11;100;12;;;98.0;-7.9924163818359375
39;80000;VEV_5200;98;22;;;;;101;22;;;;;99.5;-6.726654052734375
39;80100;VEV_5200;99;27;;;;;102;27;;;;;100.5;-5.35955810546875
39;80200;VEV_5200;99;10;98;21;;;102;31;;;;;100.5;-5.931755065917969
39;80300;VEV_5200;99;10;98;13;;;102;23;;;;;100.5;-5.903923034667969
39;80400;VEV_5200;100;7;99;12;;;103;19;;;;;101.5;-4.8425140380859375
39;80500;VEV_5200;100;23;;;;;103;23;;;;;101.5;-4.551155090332031
39;80600;VEV_5200;100;33;;;;;103;33;;;;;101.5;-4.675148010253906
39;80700;VEV_5200;100;7;99;18;;;103;25;;;;;101.5;-4.969535827636719
39;80800;VEV_5200;101;10;100;17;;;104;27;;;;;102.5;-3.8597793579101562
39;80900;VEV_5200;101;11;100;24;;;104;35;;;;;102.5;-3.8750839233398438
39;81000;VEV_5200;101;31;;;;;104;31;;;;;102.5;-3.34039306640625
39;81100;VEV_5200;101;26;;;;;104;10;105;16;;;102.5;-3.244140625
39;81200;VEV_5200;101;22;;;;;105;22;;;;;103.0;-3.007781982421875
39;81300;VEV_5200;101;27;;;;;104;7;105;20;;;102.5;-3.2709579467773438
39;81400;VEV_5200;101;31;;;;;104;8;105;23;;;102.5;-3.1118087768554688
39;81500;VEV_5200;102;31;;;;;105;31;;;;;103.5;-2.3360519409179688
39;81600;VEV_5200;102;26;;;;;105;26;;;;;103.5;-2.3615646362304688
39;81700;VEV_5200;102;11;101;16;;;105;27;;;;;103.5;-2.735687255859375
39;81800;VEV_5200;102;20;;;;;105;20;;;;;103.5;-2.50164794921875
39;81900;VEV_5200;103;33;;;;;106;33;;;;;104.5;-1.52532958984375
39;82000;VEV_5200;104;27;;;;;107;6;108;21;;;105.5;-0.18451690673828125
39;82100;VEV_5200;105;23;;;;;108;6;109;17;;;106.5;0.7532806396484375
39;82200;VEV_5200;106;27;;;;;109;12;110;15;;;107.5;1.6874313354492188
39;82300;VEV_5200;106;18;;;;;109;6;110;12;;;107.5;1.7563095092773438
39;82400;VEV_5200;106;33;;;;;109;12;110;21;;;107.5;1.7929916381835938
39;82500;VEV_5200;105;24;;;;;108;10;109;14;;;106.5;0.7482528686523438
39;82600;VEV_5200;106;29;;;;;109;29;;;;;107.5;1.52264404296875
39;82700;VEV_5200;105;26;;;;;108;12;109;14;;;106.5;0.8150634765625
39;82800;VEV_5200;104;31;;;;;107;7;108;24;;;105.5;-0.0771484375
39;82900;VEV_5200;103;20;;;;;107;20;;;;;105.0;-0.9942169189453125
39;83000;VEV_5200;103;27;;;;;107;27;;;;;105.0;-1.0034103393554688
39;83100;VEV_5200;103;8;102;17;;;106;25;;;;;104.5;-1.704345703125
39;83200;VEV_5200;102;33;;;;;105;11;106;22;;;103.5;-2.2298202514648438
39;83300;VEV_5200;102;29;;;;;105;29;;;;;103.5;-2.45159912109375
39;83400;VEV_5200;103;25;;;;;106;25;;;;;104.5;-1.5693511962890625
39;83500;VEV_5200;104;9;103;14;;;107;23;;;;;105.5;-0.8211135864257812
39;83600;VEV_5200;103;31;;;;;106;8;107;23;;;104.5;-1.0945358276367188
39;83700;VEV_5200;103;24;;;;;106;24;;;;;104.5;-1.6284255981445312
39;83800;VEV_5200;104;6;103;20;;;107;26;;;;;105.5;-0.7242507934570312
39;83900;VEV_5200;104;20;;;;;107;20;;;;;105.5;-0.63739013671875
39;84000;VEV_5200;104;9;103;14;;;107;23;;;;;105.5;-0.8289642333984375
39;84100;VEV_5200;104;28;;;;;107;9;108;19;;;105.5;-0.28108978271484375
39;84200;VEV_5200;104;22;;;;;107;7;108;15;;;105.5;-0.29875946044921875
39;84300;VEV_5200;104;29;;;;;107;9;108;20;;;105.5;-0.170013427734375
39;84400;VEV_5200;105;23;;;;;108;8;109;15;;;106.5;0.9291839599609375
39;84500;VEV_5200;107;8;106;12;;;110;20;;;;;108.5;2.2605133056640625
39;84600;VEV_5200;107;30;;;;;110;12;111;18;;;108.5;2.7486190795898438
39;84700;VEV_5200;108;25;;;;;112;25;;;;;110.0;3.9737014770507812
39;84800;VEV_5200;107;31;;;;;110;10;111;21;;;108.5;2.8714981079101562
39;84900;VEV_5200;105;20;;;;;109;20;;;;;107.0;1.0492935180664062
39;85000;VEV_5200;104;32;;;;;108;32;;;;;106.0;0.02696990966796875
39;85100;VEV_5200;104;7;103;16;;;107;23;;;;;105.5;-0.7474594116210938
39;85200;VEV_5200;104;10;103;15;;;107;25;;;;;105.5;-0.7152557373046875
39;85300;VEV_5200;104;8;103;16;;;107;24;;;;;105.5;-0.7188796997070312
39;85400;VEV_5200;104;12;103;23;;;107;35;;;;;105.5;-0.7149810791015625
39;85500;VEV_5200;105;19;;;;;108;19;;;;;106.5;0.6060714721679688
39;85600;VEV_5200;105;27;;;;;108;27;;;;;106.5;0.5427169799804688
39;85700;VEV_5200;106;8;105;12;;;109;20;;;;;107.5;1.3271026611328125
39;85800;VEV_5200;104;24;;;;;108;24;;;;;106.0;-0.031005859375
39;85900;VEV_5200;104;11;103;15;;;107;26;;;;;105.5;-0.8669204711914062
39;86000;VEV_5200;104;25;;;;;107;25;;;;;105.5;-0.46364593505859375
39;86100;VEV_5200;105;11;104;23;;;108;34;;;;;106.5;0.21094512939453125
39;86200;VEV_5200;104;32;;;;;108;32;;;;;106.0;-0.021636962890625
39;86300;VEV_5200;104;26;;;;;107;9;108;17;;;105.5;-0.23772430419921875
39;86400;VEV_5200;105;6;104;19;;;108;25;;;;;106.5;0.2822113037109375
39;86500;VEV_5200;105;27;;;;;108;27;;;;;106.5;0.47118377685546875
39;86600;VEV_5200;104;26;;;;;107;26;;;;;105.5;-0.380767822265625
39;86700;VEV_5200;103;25;;;;;107;25;;;;;105.0;-1.0358505249023438
39;86800;VEV_5200;103;32;;;;;106;9;107;23;;;104.5;-1.1907272338867188
39;86900;VEV_5200;104;26;;;;;107;11;108;15;;;105.5;-0.29222869873046875
39;87000;VEV_5200;104;28;;;;;107;28;;;;;105.5;-0.423736572265625
39;87100;VEV_5200;105;24;;;;;108;24;;;;;106.5;0.45099639892578125
39;87200;VEV_5200;105;9;104;17;;;108;26;;;;;106.5;0.2562103271484375
39;87300;VEV_5200;105;24;;;;;108;11;109;13;;;106.5;0.8710250854492188
39;87400;VEV_5200;105;22;;;;;108;10;109;12;;;106.5;0.8694229125976562
39;87500;VEV_5200;105;20;;;;;108;8;109;12;;;106.5;0.92742919921875
39;87600;VEV_5200;105;24;;;;;109;24;;;;;107.0;1.0632858276367188
39;87700;VEV_5200;105;25;;;;;108;11;109;14;;;106.5;0.704925537109375
39;87800;VEV_5200;105;35;;;;;108;35;;;;;106.5;0.6181716918945312
39;87900;VEV_5200;106;11;105;16;;;109;27;;;;;107.5;1.16326904296875
39;88000;VEV_5200;105;19;;;;;108;7;109;12;;;106.5;0.6909561157226562
39;88100;VEV_5200;104;21;;;;;107;6;108;15;;;105.5;-0.21431732177734375
39;88200;VEV_5200;104;29;;;;;107;7;108;22;;;105.5;-0.2588043212890625
39;88300;VEV_5200;104;6;103;19;;;107;25;;;;;105.5;-0.8606338500976562
39;88400;VEV_5200;104;12;103;19;;;107;31;;;;;105.5;-0.7914199829101562
39;88500;VEV_5200;104;30;;;;;108;30;;;;;106.0;0.05088043212890625
39;88600;VEV_5200;105;27;;;;;108;27;;;;;106.5;0.36974334716796875
39;88700;VEV_5200;105;27;;;;;108;27;;;;;106.5;0.346893310546875
39;88800;VEV_5200;105;22;;;;;108;22;;;;;106.5;0.35642242431640625
39;88900;VEV_5200;105;33;;;;;108;10;109;23;;;106.5;0.9254074096679688
39;89000;VEV_5200;104;21;;;;;108;21;;;;;106.0;-0.00458526611328125
39;89100;VEV_5200;104;30;;;;;107;30;;;;;105.5;-0.5640792846679688
39;89200;VEV_5200;105;22;;;;;108;22;;;;;106.5;0.431915283203125
39;89300;VEV_5200;105;11;104;16;;;108;27;;;;;106.5;0.1356201171875
39;89400;VEV_5200;105;8;104;12;;;108;20;;;;;106.5;0.134429931640625
39;89500;VEV_5200;104;26;;;;;107;6;108;20;;;105.5;-0.2353363037109375
39;89600;VEV_5200;104;26;;;;;107;26;;;;;105.5;-0.6652450561523438
39;89700;VEV_5200;103;25;;;;;106;25;;;;;104.5;-1.6933059692382812
39;89800;VEV_5200;103;25;;;;;106;9;107;16;;;104.5;-1.0947723388671875
39;89900;VEV_5200;104;33;;;;;107;33;;;;;105.5;-0.6050491333007812
39;90000;VEV_5200;104;21;;;;;107;21;;;;;105.5;-0.3908843994140625
39;90100;VEV_5200;104;29;;;;;107;29;;;;;105.5;-0.6157150268554688
39;90200;VEV_5200;104;27;;;;;107;27;;;;;105.5;-0.5916824340820312
39;90300;VEV_5200;104;12;103;16;;;107;28;;;;;105.5;-0.77215576171875
39;90400;VEV_5200;104;21;;;;;107;6;108;15;;;105.5;-0.14633941650390625
39;90500;VEV_5200;104;24;;;;;107;24;;;;;105.5;-0.347808837890625
39;90600;VEV_5200;103;28;;;;;107;28;;;;;105.0;-1.0275192260742188
39;90700;VEV_5200;103;30;;;;;106;7;107;23;;;104.5;-1.2882308959960938
39;90800;VEV_5200;102;26;;;;;105;26;;;;;103.5;-2.3267288208007812
39;90900;VEV_5200;102;22;;;;;106;22;;;;;104.0;-1.9818344116210938
39;91000;VEV_5200;102;11;101;14;;;105;25;;;;;103.5;-2.7673416137695312
39;91100;VEV_5200;102;28;;;;;105;28;;;;;103.5;-2.670166015625
39;91200;VEV_5200;102;23;;;;;105;23;;;;;103.5;-2.7021408081054688
39;91300;VEV_5200;103;11;102;16;;;106;27;;;;;104.5;-1.7320556640625
39;91400;VEV_5200;104;30;;;;;107;30;;;;;105.5;-0.6657333374023438
39;91500;VEV_5200;103;18;;;;;106;6;107;12;;;104.5;-1.2368240356445312
39;91600;VEV_5200;104;8;103;20;;;107;28;;;;;105.5;-0.8952484130859375
39;91700;VEV_5200;103;9;102;21;;;106;30;;;;;104.5;-1.7853164672851562
39;91800;VEV_5200;103;10;102;12;;;106;22;;;;;104.5;-1.713134765625
39;91900;VEV_5200;102;31;;;;;105;8;106;23;;;103.5;-2.1364898681640625
39;92000;VEV_5200;104;23;;;;;107;23;;;;;105.5;-0.46291351318359375
39;92100;VEV_5200;103;24;;;;;106;24;;;;;104.5;-1.4430923461914062
39;92200;VEV_5200;104;12;103;16;;;107;28;;;;;105.5;-0.8129501342773438
39;92300;VEV_5200;103;25;;;;;106;25;;;;;104.5;-1.5064239501953125
39;92400;VEV_5200;103;24;;;;;106;24;;;;;104.5;-1.4931411743164062
39;92500;VEV_5200;103;23;;;;;106;7;107;16;;;104.5;-1.0868148803710938
39;92600;VEV_5200;104;7;103;22;;;107;29;;;;;105.5;-0.7597427368164062
39;92700;VEV_5200;104;30;;;;;107;30;;;;;105.5;-0.4648590087890625
39;92800;VEV_5200;105;33;;;;;108;33;;;;;106.5;0.45429229736328125
39;92900;VEV_5200;105;28;;;;;109;28;;;;;107.0;0.9423980712890625
39;93000;VEV_5200;105;22;;;;;109;22;;;;;107.0;1.041168212890625
39;93100;VEV_5200;106;12;105;12;;;109;24;;;;;107.5;1.080596923828125
39;93200;VEV_5200;105;6;104;22;;;108;28;;;;;106.5;0.1664886474609375
39;93300;VEV_5200;104;27;;;;;107;12;108;15;;;105.5;-0.26496124267578125
39;93400;VEV_5200;104;12;103;15;;;107;27;;;;;105.5;-0.8675079345703125
39;93500;VEV_5200;104;25;;;;;107;25;;;;;105.5;-0.47994232177734375
39;93600;VEV_5200;103;23;;;;;106;6;107;17;;;104.5;-1.1145172119140625
39;93700;VEV_5200;103;21;;;;;106;21;;;;;104.5;-1.3557281494140625
39;93800;VEV_5200;105;9;104;17;;;108;26;;;;;106.5;0.2375030517578125
39;93900;VEV_5200;106;9;105;19;;;109;28;;;;;107.5;1.0782623291015625
39;94000;VEV_5200;105;33;;;;;108;33;;;;;106.5;0.33228302001953125
39;94100;VEV_5200;104;12;103;17;;;107;29;;;;;105.5;-0.7642288208007812
39;94200;VEV_5200;104;28;;;;;107;28;;;;;105.5;-0.6689682006835938
39;94300;VEV_5200;104;26;;;;;107;26;;;;;105.5;-0.5149993896484375
39;94400;VEV_5200;103;33;;;;;107;33;;;;;105.0;-1.0036087036132812
39;94500;VEV_5200;103;23;;;;;107;23;;;;;105.0;-0.9518966674804688
39;94600;VEV_5200;103;34;;;;;106;34;;;;;104.5;-1.4590225219726562
39;94700;VEV_5200;102;23;;;;;105;23;;;;;103.5;-2.4555892944335938
39;94800;VEV_5200;101;30;;;;;104;30;;;;;102.5;-3.3633041381835938
39;94900;VEV_5200;101;25;;;;;104;9;105;16;;;102.5;-3.1584320068359375
39;95000;VEV_5200;101;20;;;;;104;6;105;14;;;102.5;-3.1602249145507812
39;95100;VEV_5200;102;6;101;12;;;105;18;;;;;103.5;-2.9061737060546875
39;95200;VEV_5200;100;8;99;14;;;103;22;;;;;101.5;-4.828544616699219
39;95300;VEV_5200;99;28;;;;;102;28;;;;;100.5;-5.450347900390625
39;95400;VEV_5200;100;8;99;17;;;103;25;;;;;101.5;-4.8503265380859375
39;95500;VEV_5200;100;23;;;;;103;23;;;;;101.5;-4.498191833496094
39;95600;VEV_5200;100;29;;;;;103;29;;;;;101.5;-4.370597839355469
39;95700;VEV_5200;100;36;;;;;103;36;;;;;101.5;-4.37310791015625
39;95800;VEV_5200;99;24;;;;;102;11;103;13;;;100.5;-5.094970703125
39;95900;VEV_5200;99;20;;;;;102;8;103;12;;;100.5;-5.0151214599609375
39;96000;VEV_5200;99;23;;;;;102;9;103;14;;;100.5;-5.137298583984375
39;96100;VEV_5200;100;11;99;22;;;103;33;;;;;101.5;-4.8599090576171875
39;96200;VEV_5200;101;7;100;24;;;104;31;;;;;102.5;-3.8964385986328125
39;96300;VEV_5200;101;27;;;;;104;12;105;15;;;102.5;-3.0751419067382812
39;96400;VEV_5200;102;25;;;;;105;25;;;;;103.5;-2.3069610595703125
39;96500;VEV_5200;101;28;;;;;104;28;;;;;102.5;-3.2865371704101562
39;96600;VEV_5200;100;29;;;;;103;8;104;21;;;101.5;-4.20330810546875
39;96700;VEV_5200;101;27;;;;;104;27;;;;;102.5;-3.719970703125
39;96800;VEV_5200;100;36;;;;;103;12;104;24;;;101.5;-4.127037048339844
39;96900;VEV_5200;101;26;;;;;104;26;;;;;102.5;-3.3061752319335938
39;97000;VEV_5200;101;8;100;14;;;104;22;;;;;102.5;-3.785858154296875
39;97100;VEV_5200;100;21;;;;;103;21;;;;;101.5;-4.558738708496094
39;97200;VEV_5200;100;27;;;;;103;27;;;;;101.5;-4.511726379394531
39;97300;VEV_5200;99;28;;;;;102;8;103;20;;;100.5;-5.198951721191406
39;97400;VEV_5200;99;22;;;;;102;22;;;;;100.5;-5.636138916015625
39;97500;VEV_5200;99;24;;;;;102;6;103;18;;;100.5;-5.081703186035156
39;97600;VEV_5200;99;26;;;;;103;26;;;;;101.0;-4.995689392089844
39;97700;VEV_5200;99;24;;;;;102;24;;;;;100.5;-5.268928527832031
39;97800;VEV_5200;99;33;;;;;102;33;;;;;100.5;-5.4333953857421875
39;97900;VEV_5200;99;21;;;;;102;8;103;13;;;100.5;-5.1779327392578125
39;98000;VEV_5200;100;29;;;;;103;29;;;;;101.5;-4.437583923339844
39;98100;VEV_5200;101;26;;;;;104;12;105;14;;;102.5;-3.175079345703125
39;98200;VEV_5200;102;30;;;;;105;30;;;;;103.5;-2.29718017578125
39;98300;VEV_5200;102;21;;;;;105;21;;;;;103.5;-2.4062881469726562
39;98400;VEV_5200;101;23;;;;;104;6;105;17;;;102.5;-3.13232421875
39;98500;VEV_5200;101;25;;;;;104;7;105;18;;;102.5;-3.1803970336914062
39;98600;VEV_5200;102;23;;;;;105;11;106;12;;;103.5;-2.2078094482421875
39;98700;VEV_5200;102;7;101;17;;;105;24;;;;;103.5;-2.8561859130859375
39;98800;VEV_5200;101;25;;;;;104;9;105;16;;;102.5;-3.2260360717773438
39;98900;VEV_5200;102;6;101;14;;;105;20;;;;;103.5;-2.9539794921875
39;99000;VEV_5200;102;26;;;;;105;26;;;;;103.5;-2.6668319702148438
39;99100;VEV_5200;101;21;;;;;104;21;;;;;102.5;-3.3644256591796875
39;99200;VEV_5200;101;30;;;;;104;30;;;;;102.5;-3.4204254150390625
39;99300;VEV_5200;101;10;100;23;;;104;33;;;;;102.5;-3.9209747314453125
39;99400;VEV_5200;101;34;;;;;104;10;105;24;;;102.5;-3.0824737548828125
39;99500;VEV_5200;101;25;;;;;104;25;;;;;102.5;-3.5217514038085938
39;99600;VEV_5200;101;27;;;;;104;27;;;;;102.5;-3.685089111328125
39;99700;VEV_5200;100;20;;;;;103;20;;;;;101.5;-4.3125152587890625
39;99800;VEV_5200;101;24;;;;;104;24;;;;;102.5;-3.5248031616210938
39;99900;VEV_5200;101;26;;;;;104;26;;;;;102.5;-3.4457931518554688
