timestamp,buyer,seller,symbol,currency,price,quantity,day,mid,bid1,ask1,spread,mid0,aggr,fwd_5,fwd_20,fwd_100,pair,regime,baseline,residual
4500,Mark 01,Mark 22,VEV_5400,XIRECS,18.0,2,1,18.5,18,19,1,18.5,sell,-0.5,-0.5,-3.5,Mark 01->Mark 22,tight,-0.01730769230769231,-0.4826923076923077
4500,Mark 01,Mark 22,VEV_5500,XIRECS,8.0,2,1,8.5,8,9,1,8.5,sell,0.0,-0.5,-2.0,Mark 01->Mark 22,tight,-0.020202020202020204,0.020202020202020204
4500,Mark 01,Mark 22,VEV_6000,XIRECS,0.0,2,1,0.5,0,1,1,0.5,sell,0.0,0.0,0.0,Mark 01->Mark 22,tight,0.0,0.0
4500,Mark 01,Mark 22,VEV_6500,XIRECS,0.0,2,1,0.5,0,1,1,0.5,sell,0.0,0.0,0.0,Mark 01->Mark 22,tight,0.0,0.0
5100,Mark 38,Mark 22,HYDROGEL_PACK,XIRECS,9960.0,4,1,9956.0,9952,9960,8,9956.0,buy,-4.0,-7.0,1.0,Mark 38->Mark 22,wide,2.5714285714285716,-6.571428571428571
5300,Mark 38,Mark 14,VEV_4000,XIRECS,1264.0,2,1,1253.5,1243,1264,21,1253.5,buy,0.0,-7.0,-20.0,Mark 38->Mark 14,wide,0.14285714285714285,-0.14285714285714285
6100,Mark 55,Mark 01,VELVETFRUIT_EXTRACT,XIRECS,5255.0,3,1,5252.5,5250,5255,5,5252.5,buy,-2.0,-5.0,-21.0,Mark 55->Mark 01,med,-0.0020491803278688526,-1.9979508196721312
6200,Mark 38,Mark 14,HYDROGEL_PACK,XIRECS,9955.0,5,1,9947.0,9939,9955,16,9947.0,buy,-2.0,-2.0,9.0,Mark 38->Mark 14,wide,-0.1782178217821782,-1.8217821782178218
9400,Mark 55,Mark 49,VELVETFRUIT_EXTRACT,XIRECS,5244.0,8,1,5243.5,5243,5244,1,5243.5,buy,1.5,0.0,-15.0,Mark 55->Mark 49,tight,1.0,0.5
9600,Mark 01,Mark 22,VEV_5400,XIRECS,16.0,4,1,17.0,16,18,2,17.0,sell,-0.5,-1.0,-3.5,Mark 01->Mark 22,tight,-0.01730769230769231,-0.4826923076923077
9600,Mark 01,Mark 22,VEV_5500,XIRECS,7.0,4,1,7.5,7,8,1,7.5,sell,0.0,0.0,-1.0,Mark 01->Mark 22,tight,-0.020202020202020204,0.020202020202020204
9600,Mark 01,Mark 22,VEV_6000,XIRECS,0.0,4,1,0.5,0,1,1,0.5,sell,0.0,0.0,0.0,Mark 01->Mark 22,tight,0.0,0.0
9600,Mark 01,Mark 22,VEV_6500,XIRECS,0.0,4,1,0.5,0,1,1,0.5,sell,0.0,0.0,0.0,Mark 01->Mark 22,tight,0.0,0.0
10400,Mark 67,Mark 49,VELVETFRUIT_EXTRACT,XIRECS,5240.0,12,1,5239.5,5239,5240,1,5239.5,buy,4.0,2.0,-11.0,Mark 67->Mark 49,tight,1.875,2.125
11800,Mark 01,Mark 22,VEV_5500,XIRECS,7.0,4,1,7.5,7,8,1,7.5,sell,0.0,-1.0,-1.0,Mark 01->Mark 22,tight,-0.020202020202020204,0.020202020202020204
11800,Mark 01,Mark 22,VEV_6000,XIRECS,0.0,4,1,0.5,0,1,1,0.5,sell,0.0,0.0,0.0,Mark 01->Mark 22,tight,0.0,0.0
11800,Mark 01,Mark 22,VEV_6500,XIRECS,0.0,4,1,0.5,0,1,1,0.5,sell,0.0,0.0,0.0,Mark 01->Mark 22,tight,0.0,0.0
14300,Mark 55,Mark 01,VELVETFRUIT_EXTRACT,XIRECS,5238.0,6,1,5235.5,5233,5238,5,5235.5,buy,-1.0,-5.5,-1.0,Mark 55->Mark 01,med,-0.0020491803278688526,-0.9979508196721312
14800,Mark 01,Mark 55,VELVETFRUIT_EXTRACT,XIRECS,5232.0,6,1,5234.5,5232,5237,5,5234.5,sell,-1.0,-4.0,-1.0,Mark 01->Mark 55,med,0.23694779116465864,-1.2369477911646587
14800,Mark 01,Mark 22,VEV_5300,XIRECS,42.0,4,1,43.0,42,44,2,43.0,sell,0.0,-1.0,0.0,Mark 01->Mark 22,tight,-0.15648854961832062,0.15648854961832062
14800,Mark 01,Mark 22,VEV_5400,XIRECS,14.0,4,1,15.0,14,16,2,15.0,sell,-0.5,-0.5,-0.5,Mark 01->Mark 22,tight,-0.01730769230769231,-0.4826923076923077
14800,Mark 01,Mark 22,VEV_5500,XIRECS,6.0,4,1,6.5,6,7,1,6.5,sell,0.0,0.0,0.0,Mark 01->Mark 22,tight,-0.020202020202020204,0.020202020202020204
14800,Mark 01,Mark 22,VEV_6000,XIRECS,0.0,4,1,0.5,0,1,1,0.5,sell,0.0,0.0,0.0,Mark 01->Mark 22,tight,0.0,0.0
14800,Mark 01,Mark 22,VEV_6500,XIRECS,0.0,4,1,0.5,0,1,1,0.5,sell,0.0,0.0,0.0,Mark 01->Mark 22,tight,0.0,0.0
15000,Mark 38,Mark 14,HYDROGEL_PACK,XIRECS,9966.0,4,1,9958.5,9951,9966,15,9958.5,buy,-1.5,-11.5,-6.5,Mark 38->Mark 14,wide,-0.1782178217821782,-1.3217821782178218
16700,Mark 14,Mark 38,VEV_4000,XIRECS,1221.0,2,1,1226.0,1221,1231,10,1226.0,sell,6.5,2.0,4.5,Mark 14->Mark 38,wide,-0.15800865800865802,6.658008658008658
16700,Mark 01,Mark 22,VEV_5300,XIRECS,41.0,2,1,42.0,41,43,2,42.0,sell,0.0,-1.0,-1.0,Mark 01->Mark 22,tight,-0.15648854961832062,0.15648854961832062
16700,Mark 01,Mark 22,VEV_5400,XIRECS,14.0,2,1,14.5,14,15,1,14.5,sell,0.0,-1.0,-0.5,Mark 01->Mark 22,tight,-0.01730769230769231,0.01730769230769231
16700,Mark 01,Mark 22,VEV_5500,XIRECS,6.0,2,1,6.5,6,7,1,6.5,sell,0.0,-0.5,0.0,Mark 01->Mark 22,tight,-0.020202020202020204,0.020202020202020204
16700,Mark 01,Mark 22,VEV_6000,XIRECS,0.0,2,1,0.5,0,1,1,0.5,sell,0.0,0.0,0.0,Mark 01->Mark 22,tight,0.0,0.0
16700,Mark 01,Mark 22,VEV_6500,XIRECS,0.0,2,1,0.5,0,1,1,0.5,sell,0.0,0.0,0.0,Mark 01->Mark 22,tight,0.0,0.0
17300,Mark 14,Mark 38,VEV_4000,XIRECS,1221.0,1,1,1231.5,1221,1242,21,1231.5,sell,2.0,-3.0,4.0,Mark 14->Mark 38,wide,-0.15800865800865802,2.158008658008658
17400,Mark 67,Mark 22,VELVETFRUIT_EXTRACT,XIRECS,5230.0,8,1,5229.0,5228,5230,2,5229.0,buy,4.0,-0.5,7.5,Mark 67->Mark 22,tight,2.06,1.94
17900,Mark 38,Mark 14,VEV_4000,XIRECS,1243.0,1,1,1233.0,1223,1243,20,1233.0,buy,-3.5,-6.5,4.5,Mark 38->Mark 14,wide,0.14285714285714285,-3.642857142857143
19300,Mark 14,Mark 55,VELVETFRUIT_EXTRACT,XIRECS,5226.0,5,1,5228.5,5226,5231,5,5228.5,sell,0.0,0.0,11.0,Mark 14->Mark 55,med,-0.13973063973063973,0.13973063973063973
20200,Mark 14,Mark 55,VELVETFRUIT_EXTRACT,XIRECS,5224.0,5,1,5226.5,5224,5229,5,5226.5,sell,1.0,1.0,11.0,Mark 14->Mark 55,med,-0.13973063973063973,1.1397306397306397
22800,Mark 14,Mark 38,HYDROGEL_PACK,XIRECS,9946.0,6,1,9954.0,9946,9962,16,9954.0,sell,-3.0,-1.0,2.0,Mark 14->Mark 38,wide,0.06781376518218624,-3.067813765182186
25700,Mark 38,Mark 14,VEV_4000,XIRECS,1241.0,3,1,1231.0,1221,1241,20,1231.0,buy,-0.5,7.5,3.0,Mark 38->Mark 14,wide,0.14285714285714285,-0.6428571428571428
29300,Mark 14,Mark 55,VELVETFRUIT_EXTRACT,XIRECS,5237.0,4,1,5239.5,5237,5242,5,5239.5,sell,2.0,-7.5,-5.0,Mark 14->Mark 55,med,-0.13973063973063973,2.1397306397306397
30800,Mark 14,Mark 38,HYDROGEL_PACK,XIRECS,9940.0,2,1,9948.0,9940,9956,16,9948.0,sell,-1.0,8.0,-3.0,Mark 14->Mark 38,wide,0.06781376518218624,-1.0678137651821862
31400,Mark 38,Mark 14,HYDROGEL_PACK,XIRECS,9953.0,3,1,9945.0,9937,9953,16,9945.0,buy,0.5,10.0,-1.0,Mark 38->Mark 14,wide,-0.1782178217821782,0.6782178217821782
31700,Mark 55,Mark 01,VELVETFRUIT_EXTRACT,XIRECS,5237.0,4,1,5234.5,5232,5237,5,5234.5,buy,1.5,1.0,-6.5,Mark 55->Mark 01,med,-0.0020491803278688526,1.5020491803278688
32000,Mark 14,Mark 38,HYDROGEL_PACK,XIRECS,9938.0,5,1,9946.0,9938,9954,16,9946.0,sell,6.0,5.0,5.0,Mark 14->Mark 38,wide,0.06781376518218624,5.932186234817814
32600,Mark 55,Mark 01,VELVETFRUIT_EXTRACT,XIRECS,5240.0,5,1,5237.5,5235,5240,5,5237.5,buy,2.5,-2.5,-7.0,Mark 55->Mark 01,med,-0.0020491803278688526,2.502049180327869
32800,Mark 67,Mark 22,VELVETFRUIT_EXTRACT,XIRECS,5238.0,7,1,5237.0,5236,5238,2,5237.0,buy,2.5,-1.5,-5.5,Mark 67->Mark 22,tight,2.06,0.43999999999999995
33600,Mark 14,Mark 38,HYDROGEL_PACK,XIRECS,9948.0,6,1,9956.0,9948,9964,16,9956.0,sell,-6.0,-2.0,6.5,Mark 14->Mark 38,wide,0.06781376518218624,-6.067813765182186
36200,Mark 38,Mark 14,VEV_4000,XIRECS,1244.0,3,1,1233.5,1223,1244,21,1233.5,buy,-0.5,-1.5,15.0,Mark 38->Mark 14,wide,0.14285714285714285,-0.6428571428571428
36500,Mark 22,Mark 55,VELVETFRUIT_EXTRACT,XIRECS,5232.0,7,1,5233.5,5232,5235,3,5233.5,sell,-3.0,-2.0,13.0,Mark 22->Mark 55,med,-1.3888888888888888,-1.6111111111111112
37400,Mark 14,Mark 38,HYDROGEL_PACK,XIRECS,9936.0,4,1,9944.0,9936,9952,16,9944.0,sell,7.0,-1.0,25.0,Mark 14->Mark 38,wide,0.06781376518218624,6.932186234817814
38500,Mark 01,Mark 22,VEV_5500,XIRECS,6.0,5,1,6.5,6,7,1,6.5,sell,0.0,0.0,1.0,Mark 01->Mark 22,tight,-0.020202020202020204,0.020202020202020204
38500,Mark 01,Mark 22,VEV_6000,XIRECS,0.0,5,1,0.5,0,1,1,0.5,sell,0.0,0.0,0.0,Mark 01->Mark 22,tight,0.0,0.0
38500,Mark 01,Mark 22,VEV_6500,XIRECS,0.0,5,1,0.5,0,1,1,0.5,sell,0.0,0.0,0.0,Mark 01->Mark 22,tight,0.0,0.0
38700,Mark 01,Mark 55,VELVETFRUIT_EXTRACT,XIRECS,5228.0,8,1,5231.0,5228,5234,6,5231.0,sell,3.5,1.0,14.5,Mark 01->Mark 55,med,0.23694779116465864,3.2630522088353415
39400,Mark 22,Mark 49,VELVETFRUIT_EXTRACT,XIRECS,5234.0,5,1,5232.5,5232,5233,1,5232.5,buy,2.0,-5.0,11.0,Mark 22->Mark 49,tight,2.6666666666666665,-0.6666666666666665
39400,Mark 67,Mark 49,VELVETFRUIT_EXTRACT,XIRECS,5233.0,9,1,5232.5,5232,5233,1,5232.5,buy,2.0,-5.0,11.0,Mark 67->Mark 49,tight,1.875,0.125
39800,Mark 01,Mark 55,VELVETFRUIT_EXTRACT,XIRECS,5232.0,4,1,5235.0,5232,5238,6,5235.0,sell,-2.0,-5.5,11.5,Mark 01->Mark 55,med,0.23694779116465864,-2.2369477911646585
40400,Mark 01,Mark 22,VEV_5300,XIRECS,41.0,4,1,42.0,41,43,2,42.0,sell,0.0,-1.0,5.0,Mark 01->Mark 22,tight,-0.15648854961832062,0.15648854961832062
40400,Mark 01,Mark 22,VEV_5400,XIRECS,14.0,4,1,14.5,14,15,1,14.5,sell,-0.5,-0.5,2.0,Mark 01->Mark 22,tight,-0.01730769230769231,-0.4826923076923077
40400,Mark 01,Mark 22,VEV_5500,XIRECS,6.0,4,1,6.5,6,7,1,6.5,sell,0.0,0.0,1.0,Mark 01->Mark 22,tight,-0.020202020202020204,0.020202020202020204
40400,Mark 01,Mark 22,VEV_6000,XIRECS,0.0,4,1,0.5,0,1,1,0.5,sell,0.0,0.0,0.0,Mark 01->Mark 22,tight,0.0,0.0
40400,Mark 01,Mark 22,VEV_6500,XIRECS,0.0,4,1,0.5,0,1,1,0.5,sell,0.0,0.0,0.0,Mark 01->Mark 22,tight,0.0,0.0
40900,Mark 38,Mark 14,HYDROGEL_PACK,XIRECS,9951.0,5,1,9943.0,9935,9951,16,9943.0,buy,1.0,10.0,36.0,Mark 38->Mark 14,wide,-0.1782178217821782,1.1782178217821782
41300,Mark 38,Mark 14,HYDROGEL_PACK,XIRECS,9953.0,5,1,9945.0,9937,9953,16,9945.0,buy,1.0,14.0,31.0,Mark 38->Mark 14,wide,-0.1782178217821782,1.1782178217821782
43400,Mark 01,Mark 22,VEV_5400,XIRECS,13.0,5,1,14.0,13,15,2,14.0,sell,0.5,2.0,1.5,Mark 01->Mark 22,tight,-0.01730769230769231,0.5173076923076924
43400,Mark 01,Mark 22,VEV_5500,XIRECS,6.0,5,1,6.5,6,7,1,6.5,sell,0.0,0.5,1.0,Mark 01->Mark 22,tight,-0.020202020202020204,0.020202020202020204
43400,Mark 01,Mark 22,VEV_6000,XIRECS,0.0,5,1,0.5,0,1,1,0.5,sell,0.0,0.0,0.0,Mark 01->Mark 22,tight,0.0,0.0
43400,Mark 01,Mark 22,VEV_6500,XIRECS,0.0,5,1,0.5,0,1,1,0.5,sell,0.0,0.0,0.0,Mark 01->Mark 22,tight,0.0,0.0
43600,Mark 01,Mark 55,VELVETFRUIT_EXTRACT,XIRECS,5229.0,4,1,5231.5,5229,5234,5,5231.5,sell,4.5,10.5,12.0,Mark 01->Mark 55,med,0.23694779116465864,4.263052208835341
43900,Mark 14,Mark 38,HYDROGEL_PACK,XIRECS,9952.0,6,1,9960.0,9952,9968,16,9960.0,sell,7.0,9.0,6.0,Mark 14->Mark 38,wide,0.06781376518218624,6.932186234817814
45200,Mark 14,Mark 38,HYDROGEL_PACK,XIRECS,9961.0,2,1,9969.0,9961,9977,16,9969.0,sell,3.0,4.0,-23.0,Mark 14->Mark 38,wide,0.06781376518218624,2.932186234817814
45400,Mark 67,Mark 22,VELVETFRUIT_EXTRACT,XIRECS,5241.0,8,1,5240.0,5239,5241,2,5240.0,buy,7.5,6.0,7.5,Mark 67->Mark 22,tight,2.06,5.4399999999999995
47700,Mark 01,Mark 55,VELVETFRUIT_EXTRACT,XIRECS,5243.0,4,1,5244.0,5243,5245,2,5244.0,sell,0.5,1.5,3.5,Mark 01->Mark 55,tight,1.5,-1.0
48300,Mark 14,Mark 38,HYDROGEL_PACK,XIRECS,9960.0,3,1,9967.5,9960,9975,15,9967.5,sell,-1.5,12.5,-13.5,Mark 14->Mark 38,wide,0.06781376518218624,-1.5678137651821862
48900,Mark 01,Mark 55,VELVETFRUIT_EXTRACT,XIRECS,5241.0,6,1,5243.5,5241,5246,5,5243.5,sell,0.0,-0.5,2.0,Mark 01->Mark 55,med,0.23694779116465864,-0.23694779116465864
49800,Mark 01,Mark 55,VELVETFRUIT_EXTRACT,XIRECS,5244.0,3,1,5246.5,5244,5249,5,5246.5,sell,-0.5,1.0,0.5,Mark 01->Mark 55,med,0.23694779116465864,-0.7369477911646587
50200,Mark 14,Mark 38,VEV_4000,XIRECS,1236.0,2,1,1246.5,1236,1257,21,1246.5,sell,-7.5,0.0,1.0,Mark 14->Mark 38,wide,-0.15800865800865802,-7.341991341991342
50300,Mark 38,Mark 14,VEV_4000,XIRECS,1257.0,3,1,1246.5,1236,1257,21,1246.5,buy,-3.0,1.0,1.0,Mark 38->Mark 14,wide,0.14285714285714285,-3.142857142857143
50700,Mark 01,Mark 22,VEV_5400,XIRECS,16.0,5,1,16.5,16,17,1,16.5,sell,0.0,0.5,0.0,Mark 01->Mark 22,tight,-0.01730769230769231,0.01730769230769231
50700,Mark 01,Mark 22,VEV_5500,XIRECS,7.0,5,1,7.5,7,8,1,7.5,sell,0.0,0.0,0.0,Mark 01->Mark 22,tight,-0.020202020202020204,0.020202020202020204
50700,Mark 01,Mark 22,VEV_6000,XIRECS,0.0,5,1,0.5,0,1,1,0.5,sell,0.0,0.0,0.0,Mark 01->Mark 22,tight,0.0,0.0
50700,Mark 01,Mark 22,VEV_6500,XIRECS,0.0,5,1,0.5,0,1,1,0.5,sell,0.0,0.0,0.0,Mark 01->Mark 22,tight,0.0,0.0
51700,Mark 14,Mark 55,VELVETFRUIT_EXTRACT,XIRECS,5243.0,4,1,5245.5,5243,5248,5,5245.5,sell,1.0,0.0,0.0,Mark 14->Mark 55,med,-0.13973063973063973,1.1397306397306397
52400,Mark 14,Mark 38,HYDROGEL_PACK,XIRECS,9961.0,5,1,9969.0,9961,9977,16,9969.0,sell,0.0,-15.0,-29.0,Mark 14->Mark 38,wide,0.06781376518218624,-0.06781376518218624
52800,Mark 01,Mark 22,VEV_5400,XIRECS,16.0,3,1,16.5,16,17,1,16.5,sell,0.0,0.0,-0.5,Mark 01->Mark 22,tight,-0.01730769230769231,0.01730769230769231
52800,Mark 01,Mark 22,VEV_5500,XIRECS,7.0,3,1,7.5,7,8,1,7.5,sell,0.0,0.0,0.0,Mark 01->Mark 22,tight,-0.020202020202020204,0.020202020202020204
52800,Mark 01,Mark 22,VEV_6000,XIRECS,0.0,3,1,0.5,0,1,1,0.5,sell,0.0,0.0,0.0,Mark 01->Mark 22,tight,0.0,0.0
52800,Mark 01,Mark 22,VEV_6500,XIRECS,0.0,3,1,0.5,0,1,1,0.5,sell,0.0,0.0,0.0,Mark 01->Mark 22,tight,0.0,0.0
53000,Mark 14,Mark 38,HYDROGEL_PACK,XIRECS,9961.0,4,1,9969.0,9961,9977,16,9969.0,sell,-1.0,-21.5,-26.5,Mark 14->Mark 38,wide,0.06781376518218624,-1.0678137651821862
53400,Mark 14,Mark 22,VEV_5500,XIRECS,7.0,2,1,7.5,7,8,1,7.5,sell,0.0,0.0,0.0,Mark 14->Mark 22,tight,-0.2857142857142857,0.2857142857142857
53400,Mark 01,Mark 22,VEV_6000,XIRECS,0.0,2,1,0.5,0,1,1,0.5,sell,0.0,0.0,0.0,Mark 01->Mark 22,tight,0.0,0.0
53400,Mark 01,Mark 22,VEV_6500,XIRECS,0.0,2,1,0.5,0,1,1,0.5,sell,0.0,0.0,0.0,Mark 01->Mark 22,tight,0.0,0.0
53800,Mark 38,Mark 14,VEV_4000,XIRECS,1255.0,2,1,1244.5,1234,1255,21,1244.5,buy,-1.0,1.0,-2.0,Mark 38->Mark 14,wide,0.14285714285714285,-1.1428571428571428
54400,Mark 14,Mark 38,VEV_4000,XIRECS,1234.0,3,1,1244.5,1234,1255,21,1244.5,sell,-1.0,1.0,0.0,Mark 14->Mark 38,wide,-0.15800865800865802,-0.841991341991342
57600,Mark 38,Mark 14,VEV_4000,XIRECS,1257.0,3,1,1246.5,1236,1257,21,1246.5,buy,2.0,0.0,0.0,Mark 38->Mark 14,wide,0.14285714285714285,1.8571428571428572
59300,Mark 14,Mark 38,HYDROGEL_PACK,XIRECS,9949.0,4,1,9957.0,9949,9965,16,9957.0,sell,-2.0,-5.0,0.5,Mark 14->Mark 38,wide,0.06781376518218624,-2.067813765182186
59600,Mark 14,Mark 55,VELVETFRUIT_EXTRACT,XIRECS,5244.0,4,1,5246.5,5244,5249,5,5246.5,sell,0.0,-1.0,-2.0,Mark 14->Mark 55,med,-0.13973063973063973,0.13973063973063973
60300,Mark 14,Mark 55,VELVETFRUIT_EXTRACT,XIRECS,5245.0,5,1,5247.5,5245,5250,5,5247.5,sell,-1.0,-4.0,-5.0,Mark 14->Mark 55,med,-0.13973063973063973,-0.8602693602693603
61100,Mark 38,Mark 14,HYDROGEL_PACK,XIRECS,9961.0,2,1,9953.0,9945,9961,16,9953.0,buy,0.0,-11.0,10.0,Mark 38->Mark 14,wide,-0.1782178217821782,0.1782178217821782
61400,Mark 38,Mark 14,HYDROGEL_PACK,XIRECS,9962.0,2,1,9954.0,9946,9962,16,9954.0,buy,-6.0,-17.0,7.0,Mark 38->Mark 14,wide,-0.1782178217821782,-5.821782178217822
62100,Mark 14,Mark 55,VELVETFRUIT_EXTRACT,XIRECS,5243.0,6,1,5245.5,5243,5248,5,5245.5,sell,-2.0,-4.0,-2.0,Mark 14->Mark 55,med,-0.13973063973063973,-1.8602693602693603
62600,Mark 38,Mark 14,VEV_4000,XIRECS,1254.0,1,1,1243.5,1233,1254,21,1243.5,buy,-1.5,-1.0,-5.0,Mark 38->Mark 14,wide,0.14285714285714285,-1.6428571428571428
63100,Mark 38,Mark 14,VEV_4000,XIRECS,1252.0,3,1,1242.0,1232,1252,20,1242.0,buy,3.5,2.5,-3.5,Mark 38->Mark 14,wide,0.14285714285714285,3.357142857142857
63200,Mark 38,Mark 14,HYDROGEL_PACK,XIRECS,9950.0,5,1,9942.0,9934,9950,16,9942.0,buy,-5.0,-5.0,29.0,Mark 38->Mark 14,wide,-0.1782178217821782,-4.821782178217822
63200,Mark 14,Mark 55,VELVETFRUIT_EXTRACT,XIRECS,5240.0,8,1,5242.5,5240,5245,5,5242.5,sell,1.0,2.0,-5.0,Mark 14->Mark 55,med,-0.13973063973063973,1.1397306397306397
64200,Mark 55,Mark 14,VELVETFRUIT_EXTRACT,XIRECS,5245.0,6,1,5242.5,5240,5245,5,5242.5,buy,1.0,-0.5,-5.5,Mark 55->Mark 14,med,0.2953846153846154,0.7046153846153846
64300,Mark 14,Mark 38,HYDROGEL_PACK,XIRECS,9933.0,4,1,9941.0,9933,9949,16,9941.0,sell,-4.0,10.0,42.0,Mark 14->Mark 38,wide,0.06781376518218624,-4.067813765182186
65400,Mark 14,Mark 38,HYDROGEL_PACK,XIRECS,9930.0,4,1,9938.0,9930,9946,16,9938.0,sell,4.5,18.0,45.0,Mark 14->Mark 38,wide,0.06781376518218624,4.432186234817814
65700,Mark 14,Mark 55,VELVETFRUIT_EXTRACT,XIRECS,5240.0,8,1,5242.5,5240,5245,5,5242.5,sell,-0.5,6.0,-5.0,Mark 14->Mark 55,med,-0.13973063973063973,-0.3602693602693603
65900,Mark 14,Mark 38,HYDROGEL_PACK,XIRECS,9935.0,2,1,9942.5,9935,9950,15,9942.5,sell,6.0,15.5,40.5,Mark 14->Mark 38,wide,0.06781376518218624,5.932186234817814
67700,Mark 55,Mark 14,VELVETFRUIT_EXTRACT,XIRECS,5250.0,4,1,5248.5,5247,5250,3,5248.5,buy,-2.0,-4.0,-11.0,Mark 55->Mark 14,med,0.2953846153846154,-2.2953846153846156
68000,Mark 38,Mark 14,VEV_4000,XIRECS,1258.0,2,1,1247.5,1237,1258,21,1247.5,buy,-1.0,-4.0,-9.0,Mark 38->Mark 14,wide,0.14285714285714285,-1.1428571428571428
69500,Mark 14,Mark 38,HYDROGEL_PACK,XIRECS,9952.0,2,1,9959.5,9952,9967,15,9959.5,sell,-2.5,5.5,23.5,Mark 14->Mark 38,wide,0.06781376518218624,-2.567813765182186
70500,Mark 14,Mark 38,VEV_4000,XIRECS,1232.0,1,1,1242.0,1232,1252,20,1242.0,sell,-0.5,-3.0,-4.5,Mark 14->Mark 38,wide,-0.15800865800865802,-0.34199134199134196
73400,Mark 22,Mark 49,VELVETFRUIT_EXTRACT,XIRECS,5237.0,8,1,5235.5,5235,5236,1,5235.5,buy,0.0,4.0,0.0,Mark 22->Mark 49,tight,2.6666666666666665,-2.6666666666666665
73400,Mark 55,Mark 49,VELVETFRUIT_EXTRACT,XIRECS,5236.0,6,1,5235.5,5235,5236,1,5235.5,buy,0.0,4.0,0.0,Mark 55->Mark 49,tight,1.0,-1.0
73500,Mark 14,Mark 38,HYDROGEL_PACK,XIRECS,9966.0,3,1,9974.0,9966,9982,16,9974.0,sell,6.0,6.0,1.0,Mark 14->Mark 38,wide,0.06781376518218624,5.932186234817814
74100,Mark 01,Mark 22,VEV_5300,XIRECS,42.0,3,1,43.0,42,44,2,43.0,sell,1.0,1.0,-2.0,Mark 01->Mark 22,tight,-0.15648854961832062,1.1564885496183206
74100,Mark 01,Mark 22,VEV_5400,XIRECS,14.0,3,1,14.5,14,15,1,14.5,sell,1.0,1.0,-0.5,Mark 01->Mark 22,tight,-0.01730769230769231,1.0173076923076922
74100,Mark 01,Mark 22,VEV_5500,XIRECS,6.0,3,1,6.5,6,7,1,6.5,sell,0.0,0.0,0.0,Mark 01->Mark 22,tight,-0.020202020202020204,0.020202020202020204
74100,Mark 01,Mark 22,VEV_6000,XIRECS,0.0,3,1,0.5,0,1,1,0.5,sell,0.0,0.0,0.0,Mark 01->Mark 22,tight,0.0,0.0
74100,Mark 01,Mark 22,VEV_6500,XIRECS,0.0,3,1,0.5,0,1,1,0.5,sell,0.0,0.0,0.0,Mark 01->Mark 22,tight,0.0,0.0
74300,Mark 55,Mark 14,VELVETFRUIT_EXTRACT,XIRECS,5238.0,6,1,5235.5,5233,5238,5,5235.5,buy,4.5,4.0,-3.0,Mark 55->Mark 14,med,0.2953846153846154,4.204615384615384
74400,Mark 14,Mark 55,VELVETFRUIT_EXTRACT,XIRECS,5235.0,4,1,5237.5,5235,5240,5,5237.5,sell,2.0,0.0,-5.0,Mark 14->Mark 55,med,-0.13973063973063973,2.1397306397306397
76600,Mark 38,Mark 14,HYDROGEL_PACK,XIRECS,9995.0,3,1,9987.0,9979,9995,16,9987.0,buy,4.0,3.0,-23.0,Mark 38->Mark 14,wide,-0.1782178217821782,4.178217821782178
77300,Mark 55,Mark 14,VELVETFRUIT_EXTRACT,XIRECS,5241.0,8,1,5238.5,5236,5241,5,5238.5,buy,-2.0,1.0,1.0,Mark 55->Mark 14,med,0.2953846153846154,-2.2953846153846156
78300,Mark 14,Mark 38,VEV_4000,XIRECS,1229.0,3,1,1239.5,1229,1250,21,1239.5,sell,0.0,-2.0,1.0,Mark 14->Mark 38,wide,-0.15800865800865802,0.15800865800865802
78400,Mark 67,Mark 22,VELVETFRUIT_EXTRACT,XIRECS,5238.0,7,1,5237.0,5236,5238,2,5237.0,buy,0.5,0.5,5.5,Mark 67->Mark 22,tight,2.06,-1.56
78500,Mark 38,Mark 14,HYDROGEL_PACK,XIRECS,10000.0,4,1,9992.0,9984,10000,16,9992.0,buy,-2.5,-11.0,-32.0,Mark 38->Mark 14,wide,-0.1782178217821782,-2.3217821782178216
79000,Mark 14,Mark 38,HYDROGEL_PACK,XIRECS,9982.0,3,1,9989.5,9982,9997,15,9989.5,sell,-6.5,-7.5,-22.5,Mark 14->Mark 38,wide,0.06781376518218624,-6.567813765182186
79800,Mark 38,Mark 14,HYDROGEL_PACK,XIRECS,9994.0,6,1,9986.0,9978,9994,16,9986.0,buy,-6.0,-16.0,-21.0,Mark 38->Mark 14,wide,-0.1782178217821782,-5.821782178217822
81300,Mark 14,Mark 38,HYDROGEL_PACK,XIRECS,9970.0,6,1,9978.0,9970,9986,16,9978.0,sell,-8.0,-3.0,-20.0,Mark 14->Mark 38,wide,0.06781376518218624,-8.067813765182187
81700,Mark 38,Mark 14,HYDROGEL_PACK,XIRECS,9980.0,3,1,9972.0,9964,9980,16,9972.0,buy,-3.0,1.0,-14.0,Mark 38->Mark 14,wide,-0.1782178217821782,-2.8217821782178216
81900,Mark 38,Mark 14,HYDROGEL_PACK,XIRECS,9978.0,2,1,9970.0,9962,9978,16,9970.0,buy,1.0,2.0,-11.0,Mark 38->Mark 14,wide,-0.1782178217821782,1.1782178217821782
82300,Mark 38,Mark 14,HYDROGEL_PACK,XIRECS,9977.0,3,1,9969.0,9961,9977,16,9969.0,buy,2.0,4.0,-5.0,Mark 38->Mark 14,wide,-0.1782178217821782,2.1782178217821784
82300,Mark 01,Mark 55,VELVETFRUIT_EXTRACT,XIRECS,5235.0,3,1,5237.5,5235,5240,5,5237.5,sell,-2.0,-5.0,5.0,Mark 01->Mark 55,med,0.23694779116465864,-2.2369477911646585
83200,Mark 55,Mark 01,VELVETFRUIT_EXTRACT,XIRECS,5237.0,7,1,5234.0,5231,5237,6,5234.0,buy,1.0,0.5,10.5,Mark 55->Mark 01,med,-0.0020491803278688526,1.0020491803278688
84300,Mark 38,Mark 14,VEV_4000,XIRECS,1243.0,1,1,1232.5,1222,1243,21,1232.5,buy,2.0,5.0,11.0,Mark 38->Mark 14,wide,0.14285714285714285,1.8571428571428572
84600,Mark 67,Mark 22,VELVETFRUIT_EXTRACT,XIRECS,5233.0,8,1,5232.0,5231,5233,2,5232.0,buy,4.5,4.5,12.5,Mark 67->Mark 22,tight,2.06,2.44
85300,Mark 14,Mark 22,VEV_5300,XIRECS,42.0,2,1,43.0,42,44,2,43.0,sell,0.0,1.0,3.0,Mark 14->Mark 22,tight,-0.41379310344827586,0.41379310344827586
85300,Mark 01,Mark 22,VEV_5400,XIRECS,14.0,2,1,14.5,14,15,1,14.5,sell,0.0,1.0,1.5,Mark 01->Mark 22,tight,-0.01730769230769231,0.01730769230769231
85300,Mark 01,Mark 22,VEV_5500,XIRECS,6.0,2,1,6.5,6,7,1,6.5,sell,0.0,0.0,0.5,Mark 01->Mark 22,tight,-0.020202020202020204,0.020202020202020204
85300,Mark 01,Mark 22,VEV_6000,XIRECS,0.0,2,1,0.5,0,1,1,0.5,sell,0.0,0.0,0.0,Mark 01->Mark 22,tight,0.0,0.0
85300,Mark 01,Mark 22,VEV_6500,XIRECS,0.0,2,1,0.5,0,1,1,0.5,sell,0.0,0.0,0.0,Mark 01->Mark 22,tight,0.0,0.0
86100,Mark 01,Mark 22,VEV_5400,XIRECS,14.0,5,1,15.0,14,16,2,15.0,sell,-0.5,0.5,0.5,Mark 01->Mark 22,tight,-0.01730769230769231,-0.4826923076923077
86100,Mark 01,Mark 22,VEV_5500,XIRECS,6.0,5,1,6.5,6,7,1,6.5,sell,0.0,0.0,0.0,Mark 01->Mark 22,tight,-0.020202020202020204,0.020202020202020204
86100,Mark 01,Mark 22,VEV_6000,XIRECS,0.0,5,1,0.5,0,1,1,0.5,sell,0.0,0.0,0.0,Mark 01->Mark 22,tight,0.0,0.0
86100,Mark 01,Mark 22,VEV_6500,XIRECS,0.0,5,1,0.5,0,1,1,0.5,sell,0.0,0.0,0.0,Mark 01->Mark 22,tight,0.0,0.0
87900,Mark 14,Mark 55,VELVETFRUIT_EXTRACT,XIRECS,5239.0,3,1,5241.5,5239,5244,5,5241.5,sell,1.0,1.5,1.0,Mark 14->Mark 55,med,-0.13973063973063973,1.1397306397306397
88500,Mark 67,Mark 22,VELVETFRUIT_EXTRACT,XIRECS,5242.0,6,1,5241.0,5240,5242,2,5241.0,buy,2.0,3.5,4.5,Mark 67->Mark 22,tight,2.06,-0.06000000000000005
89300,Mark 14,Mark 38,VEV_4000,XIRECS,1232.0,3,1,1242.5,1232,1253,21,1242.5,sell,-4.5,-1.0,3.0,Mark 14->Mark 38,wide,-0.15800865800865802,-4.341991341991342
89800,Mark 01,Mark 22,VEV_5300,XIRECS,45.0,4,1,46.0,45,47,2,46.0,sell,0.0,-1.0,1.0,Mark 01->Mark 22,tight,-0.15648854961832062,0.15648854961832062
89800,Mark 01,Mark 22,VEV_5400,XIRECS,15.0,4,1,16.0,15,17,2,16.0,sell,0.0,-0.5,1.0,Mark 01->Mark 22,tight,-0.01730769230769231,0.01730769230769231
89800,Mark 01,Mark 22,VEV_6000,XIRECS,0.0,4,1,0.5,0,1,1,0.5,sell,0.0,0.0,0.0,Mark 01->Mark 22,tight,0.0,0.0
89800,Mark 01,Mark 22,VEV_6500,XIRECS,0.0,4,1,0.5,0,1,1,0.5,sell,0.0,0.0,0.0,Mark 01->Mark 22,tight,0.0,0.0
91100,Mark 55,Mark 14,VELVETFRUIT_EXTRACT,XIRECS,5244.0,6,1,5241.5,5239,5244,5,5241.5,buy,0.0,2.5,7.0,Mark 55->Mark 14,med,0.2953846153846154,-0.2953846153846154
92000,Mark 55,Mark 14,VELVETFRUIT_EXTRACT,XIRECS,5243.0,8,1,5240.5,5238,5243,5,5240.5,buy,3.0,5.0,3.5,Mark 55->Mark 14,med,0.2953846153846154,2.7046153846153844
92100,Mark 14,Mark 38,HYDROGEL_PACK,XIRECS,9955.0,4,1,9963.0,9955,9971,16,9963.0,sell,3.0,7.0,-11.0,Mark 14->Mark 38,wide,0.06781376518218624,2.932186234817814
92500,Mark 14,Mark 38,HYDROGEL_PACK,XIRECS,9956.0,2,1,9964.0,9956,9972,16,9964.0,sell,-1.0,0.0,-14.5,Mark 14->Mark 38,wide,0.06781376518218624,-1.0678137651821862
93700,Mark 55,Mark 01,VELVETFRUIT_EXTRACT,XIRECS,5246.0,6,1,5243.5,5241,5246,5,5243.5,buy,2.0,-2.0,3.0,Mark 55->Mark 01,med,-0.0020491803278688526,2.002049180327869
93800,Mark 55,Mark 01,VELVETFRUIT_EXTRACT,XIRECS,5246.0,7,1,5243.5,5241,5246,5,5243.5,buy,0.0,-2.0,4.0,Mark 55->Mark 01,med,-0.0020491803278688526,0.0020491803278688526
94400,Mark 38,Mark 14,HYDROGEL_PACK,XIRECS,9974.0,4,1,9966.0,9958,9974,16,9966.0,buy,0.0,-2.0,-12.0,Mark 38->Mark 14,wide,-0.1782178217821782,0.1782178217821782
97100,Mark 14,Mark 38,HYDROGEL_PACK,XIRECS,9950.0,2,1,9958.0,9950,9966,16,9958.0,sell,1.0,-6.0,2.0,Mark 14->Mark 38,wide,0.06781376518218624,0.9321862348178138
98600,Mark 38,Mark 14,HYDROGEL_PACK,XIRECS,9962.0,2,1,9954.0,9946,9962,16,9954.0,buy,-2.0,-1.5,10.0,Mark 38->Mark 14,wide,-0.1782178217821782,-1.8217821782178218
99000,Mark 38,Mark 14,HYDROGEL_PACK,XIRECS,9961.0,3,1,9953.0,9945,9961,16,9953.0,buy,-1.5,-9.0,11.0,Mark 38->Mark 14,wide,-0.1782178217821782,-1.3217821782178218
100500,Mark 55,Mark 14,VELVETFRUIT_EXTRACT,XIRECS,5248.0,4,1,5245.5,5243,5248,5,5245.5,buy,2.5,0.0,22.0,Mark 55->Mark 14,med,0.2953846153846154,2.2046153846153844
101400,Mark 14,Mark 38,HYDROGEL_PACK,XIRECS,9936.0,5,1,9944.0,9936,9952,16,9944.0,sell,7.0,4.0,13.0,Mark 14->Mark 38,wide,0.06781376518218624,6.932186234817814
101500,Mark 14,Mark 38,HYDROGEL_PACK,XIRECS,9935.0,6,1,9943.0,9935,9951,16,9943.0,sell,8.0,5.0,14.0,Mark 14->Mark 38,wide,0.06781376518218624,7.932186234817814
102500,Mark 14,Mark 38,VEV_4000,XIRECS,1235.0,1,1,1245.5,1235,1256,21,1245.5,sell,2.0,4.0,17.5,Mark 14->Mark 38,wide,-0.15800865800865802,2.158008658008658
102800,Mark 14,Mark 38,VEV_4000,XIRECS,1236.0,1,1,1246.5,1236,1257,21,1246.5,sell,0.0,3.0,15.0,Mark 14->Mark 38,wide,-0.15800865800865802,0.15800865800865802
103100,Mark 38,Mark 14,HYDROGEL_PACK,XIRECS,9952.0,4,1,9944.0,9936,9952,16,9944.0,buy,7.0,6.0,6.0,Mark 38->Mark 14,wide,-0.1782178217821782,7.178217821782178
103500,Mark 14,Mark 38,HYDROGEL_PACK,XIRECS,9940.0,3,1,9948.0,9940,9956,16,9948.0,sell,5.0,-2.5,-1.0,Mark 14->Mark 38,wide,0.06781376518218624,4.932186234817814
104400,Mark 55,Mark 14,VELVETFRUIT_EXTRACT,XIRECS,5252.0,6,1,5249.5,5247,5252,5,5249.5,buy,1.0,9.5,16.0,Mark 55->Mark 14,med,0.2953846153846154,0.7046153846153846
107100,Mark 14,Mark 38,HYDROGEL_PACK,XIRECS,9952.0,5,1,9960.0,9952,9968,16,9960.0,sell,0.0,5.0,-1.0,Mark 14->Mark 38,wide,0.06781376518218624,-0.06781376518218624
107900,Mark 55,Mark 01,VELVETFRUIT_EXTRACT,XIRECS,5267.0,3,1,5264.0,5261,5267,6,5264.0,buy,0.0,6.5,-6.5,Mark 55->Mark 01,med,-0.0020491803278688526,0.0020491803278688526
109000,Mark 67,Mark 49,VELVETFRUIT_EXTRACT,XIRECS,5265.0,12,1,5264.5,5264,5265,1,5264.5,buy,4.0,0.0,-7.0,Mark 67->Mark 49,tight,1.875,2.125
109100,Mark 14,Mark 38,HYDROGEL_PACK,XIRECS,9957.0,2,1,9965.0,9957,9973,16,9965.0,sell,1.0,-6.0,-13.0,Mark 14->Mark 38,wide,0.06781376518218624,0.9321862348178138
110100,Mark 01,Mark 55,VELVETFRUIT_EXTRACT,XIRECS,5265.0,4,1,5267.5,5265,5270,5,5267.5,sell,-1.0,-4.0,-9.0,Mark 01->Mark 55,med,0.23694779116465864,-1.2369477911646587
112000,Mark 14,Mark 55,VELVETFRUIT_EXTRACT,XIRECS,5260.0,3,1,5262.5,5260,5265,5,5262.5,sell,2.0,2.0,1.0,Mark 14->Mark 55,med,-0.13973063973063973,2.1397306397306397
112700,Mark 14,Mark 38,HYDROGEL_PACK,XIRECS,9948.0,2,1,9956.0,9948,9964,16,9956.0,sell,-6.0,-11.0,-9.0,Mark 14->Mark 38,wide,0.06781376518218624,-6.067813765182186
113900,Mark 38,Mark 14,HYDROGEL_PACK,XIRECS,9956.0,2,1,9948.0,9940,9956,16,9948.0,buy,0.0,-1.0,-6.0,Mark 38->Mark 14,wide,-0.1782178217821782,0.1782178217821782
115500,Mark 14,Mark 38,HYDROGEL_PACK,XIRECS,9937.0,3,1,9945.0,9937,9953,16,9945.0,sell,4.0,24.0,1.0,Mark 14->Mark 38,wide,0.06781376518218624,3.932186234817814
118800,Mark 14,Mark 55,VELVETFRUIT_EXTRACT,XIRECS,5257.0,3,1,5259.5,5257,5262,5,5259.5,sell,-1.5,1.0,5.0,Mark 14->Mark 55,med,-0.13973063973063973,-1.3602693602693603
119400,Mark 38,Mark 14,HYDROGEL_PACK,XIRECS,9962.0,3,1,9954.0,9946,9962,16,9954.0,buy,3.0,-0.5,5.0,Mark 38->Mark 14,wide,-0.1782178217821782,3.1782178217821784
120300,Mark 01,Mark 22,VEV_5400,XIRECS,18.0,4,1,18.5,18,19,1,18.5,sell,1.0,1.5,1.0,Mark 01->Mark 22,tight,-0.01730769230769231,1.0173076923076922
120300,Mark 01,Mark 22,VEV_5500,XIRECS,8.0,4,1,8.5,8,9,1,8.5,sell,0.0,0.0,0.0,Mark 01->Mark 22,tight,-0.020202020202020204,0.020202020202020204
120300,Mark 01,Mark 22,VEV_6000,XIRECS,0.0,4,1,0.5,0,1,1,0.5,sell,0.0,0.0,0.0,Mark 01->Mark 22,tight,0.0,0.0
120300,Mark 01,Mark 22,VEV_6500,XIRECS,0.0,4,1,0.5,0,1,1,0.5,sell,0.0,0.0,0.0,Mark 01->Mark 22,tight,0.0,0.0
120700,Mark 38,Mark 14,HYDROGEL_PACK,XIRECS,9958.0,2,1,9950.0,9942,9958,16,9950.0,buy,4.0,-3.0,5.5,Mark 38->Mark 14,wide,-0.1782178217821782,4.178217821782178
123300,Mark 01,Mark 55,VELVETFRUIT_EXTRACT,XIRECS,5262.0,7,1,5264.5,5262,5267,5,5264.5,sell,0.0,-1.0,-0.5,Mark 01->Mark 55,med,0.23694779116465864,-0.23694779116465864
125600,Mark 55,Mark 14,VELVETFRUIT_EXTRACT,XIRECS,5265.0,3,1,5262.5,5260,5265,5,5262.5,buy,1.0,4.0,-2.0,Mark 55->Mark 14,med,0.2953846153846154,0.7046153846153846
126000,Mark 38,Mark 14,HYDROGEL_PACK,XIRECS,9953.0,4,1,9945.0,9937,9953,16,9945.0,buy,1.0,10.0,8.0,Mark 38->Mark 14,wide,-0.1782178217821782,1.1782178217821782
127200,Mark 01,Mark 22,VEV_5500,XIRECS,8.0,3,1,8.5,8,9,1,8.5,sell,0.5,0.0,0.0,Mark 01->Mark 22,tight,-0.020202020202020204,0.5202020202020202
127200,Mark 01,Mark 22,VEV_6000,XIRECS,0.0,3,1,0.5,0,1,1,0.5,sell,0.0,0.0,0.0,Mark 01->Mark 22,tight,0.0,0.0
127200,Mark 01,Mark 22,VEV_6500,XIRECS,0.0,3,1,0.5,0,1,1,0.5,sell,0.0,0.0,0.0,Mark 01->Mark 22,tight,0.0,0.0
129100,Mark 38,Mark 14,VEV_4000,XIRECS,1275.0,3,1,1264.0,1253,1275,22,1264.0,buy,0.0,1.5,-6.5,Mark 38->Mark 14,wide,0.14285714285714285,-0.14285714285714285
129500,Mark 38,Mark 14,HYDROGEL_PACK,XIRECS,9967.0,6,1,9959.0,9951,9967,16,9959.0,buy,-2.0,-8.0,5.0,Mark 38->Mark 14,wide,-0.1782178217821782,-1.8217821782178218
129800,Mark 14,Mark 38,HYDROGEL_PACK,XIRECS,9951.0,4,1,9959.0,9951,9967,16,9959.0,sell,-0.5,-8.0,9.0,Mark 14->Mark 38,wide,0.06781376518218624,-0.5678137651821862
130800,Mark 14,Mark 38,HYDROGEL_PACK,XIRECS,9946.0,5,1,9954.0,9946,9962,16,9954.0,sell,-5.0,6.5,7.0,Mark 14->Mark 38,wide,0.06781376518218624,-5.067813765182186
131300,Mark 49,Mark 55,VELVETFRUIT_EXTRACT,XIRECS,5265.0,5,1,5266.5,5265,5268,3,5266.5,sell,-2.5,-2.5,-8.0,Mark 49->Mark 55,med,-1.1666666666666667,-1.3333333333333333
131800,Mark 01,Mark 55,VELVETFRUIT_EXTRACT,XIRECS,5261.0,5,1,5264.0,5261,5267,6,5264.0,sell,0.0,3.5,-4.5,Mark 01->Mark 55,med,0.23694779116465864,-0.23694779116465864
132600,Mark 67,Mark 49,VELVETFRUIT_EXTRACT,XIRECS,5263.0,10,1,5262.0,5261,5263,2,5262.0,buy,1.5,-0.5,0.5,Mark 67->Mark 49,tight,1.875,-0.375
133100,Mark 14,Mark 38,VEV_4000,XIRECS,1253.0,3,1,1263.5,1253,1274,21,1263.5,sell,2.5,-1.5,1.5,Mark 14->Mark 38,wide,-0.15800865800865802,2.658008658008658
133700,Mark 14,Mark 38,HYDROGEL_PACK,XIRECS,9948.0,4,1,9956.0,9948,9964,16,9956.0,sell,-1.0,1.0,-2.0,Mark 14->Mark 38,wide,0.06781376518218624,-1.0678137651821862
134000,Mark 14,Mark 55,VELVETFRUIT_EXTRACT,XIRECS,5264.0,8,1,5266.5,5264,5269,5,5266.5,sell,-5.0,-4.0,-4.5,Mark 14->Mark 55,med,-0.13973063973063973,-4.86026936026936
134500,Mark 14,Mark 38,HYDROGEL_PACK,XIRECS,9944.0,6,1,9952.0,9944,9960,16,9952.0,sell,4.0,-1.0,1.0,Mark 14->Mark 38,wide,0.06781376518218624,3.932186234817814
135200,Mark 55,Mark 01,VELVETFRUIT_EXTRACT,XIRECS,5264.0,8,1,5261.0,5258,5264,6,5261.0,buy,0.0,-1.0,-0.5,Mark 55->Mark 01,med,-0.0020491803278688526,0.0020491803278688526
135500,Mark 14,Mark 55,VELVETFRUIT_EXTRACT,XIRECS,5257.0,7,1,5259.5,5257,5262,5,5259.5,sell,3.0,0.0,2.0,Mark 14->Mark 55,med,-0.13973063973063973,3.1397306397306397
135900,Mark 01,Mark 22,VEV_5300,XIRECS,52.0,3,1,53.0,52,54,2,53.0,sell,0.0,-2.0,-0.5,Mark 01->Mark 22,tight,-0.15648854961832062,0.15648854961832062
135900,Mark 01,Mark 22,VEV_5400,XIRECS,19.0,3,1,20.0,19,21,2,20.0,sell,0.0,-1.0,-0.5,Mark 01->Mark 22,tight,-0.01730769230769231,0.01730769230769231
135900,Mark 01,Mark 22,VEV_5500,XIRECS,8.0,3,1,8.5,8,9,1,8.5,sell,0.0,-0.5,0.0,Mark 01->Mark 22,tight,-0.020202020202020204,0.020202020202020204
135900,Mark 01,Mark 22,VEV_6000,XIRECS,0.0,3,1,0.5,0,1,1,0.5,sell,0.0,0.0,0.0,Mark 01->Mark 22,tight,0.0,0.0
135900,Mark 01,Mark 22,VEV_6500,XIRECS,0.0,3,1,0.5,0,1,1,0.5,sell,0.0,0.0,0.0,Mark 01->Mark 22,tight,0.0,0.0
137000,Mark 14,Mark 38,VEV_4000,XIRECS,1252.0,3,1,1262.5,1252,1273,21,1262.5,sell,-3.0,-4.0,2.5,Mark 14->Mark 38,wide,-0.15800865800865802,-2.841991341991342
137300,Mark 14,Mark 38,VEV_4000,XIRECS,1251.0,3,1,1261.5,1251,1272,21,1261.5,sell,-3.0,-3.0,6.0,Mark 14->Mark 38,wide,-0.15800865800865802,-2.841991341991342
137600,Mark 38,Mark 14,VEV_4000,XIRECS,1269.0,3,1,1258.5,1248,1269,21,1258.5,buy,-2.0,0.0,10.0,Mark 38->Mark 14,wide,0.14285714285714285,-2.142857142857143
137800,Mark 14,Mark 38,HYDROGEL_PACK,XIRECS,9942.0,3,1,9950.0,9942,9958,16,9950.0,sell,2.5,18.0,16.0,Mark 14->Mark 38,wide,0.06781376518218624,2.432186234817814
138000,Mark 01,Mark 55,VELVETFRUIT_EXTRACT,XIRECS,5254.0,7,1,5256.5,5254,5259,5,5256.5,sell,1.0,2.0,11.0,Mark 01->Mark 55,med,0.23694779116465864,0.7630522088353413
138100,Mark 38,Mark 14,HYDROGEL_PACK,XIRECS,9959.0,2,1,9951.0,9943,9959,16,9951.0,buy,12.0,14.0,12.0,Mark 38->Mark 14,wide,-0.1782178217821782,12.178217821782178
139700,Mark 67,Mark 22,VELVETFRUIT_EXTRACT,XIRECS,5257.0,8,1,5256.0,5255,5257,2,5256.0,buy,1.5,3.5,9.5,Mark 67->Mark 22,tight,2.06,-0.56
140000,Mark 55,Mark 14,VELVETFRUIT_EXTRACT,XIRECS,5261.0,5,1,5258.5,5256,5261,5,5258.5,buy,-3.0,1.0,8.5,Mark 55->Mark 14,med,0.2953846153846154,-3.2953846153846156
140100,Mark 55,Mark 14,VELVETFRUIT_EXTRACT,XIRECS,5260.0,4,1,5257.5,5255,5260,5,5257.5,buy,-2.0,2.0,8.5,Mark 55->Mark 14,med,0.2953846153846154,-2.2953846153846156
141000,Mark 55,Mark 14,VELVETFRUIT_EXTRACT,XIRECS,5260.0,4,1,5257.5,5255,5260,5,5257.5,buy,1.0,7.0,8.0,Mark 55->Mark 14,med,0.2953846153846154,0.7046153846153846
142000,Mark 55,Mark 14,VELVETFRUIT_EXTRACT,XIRECS,5262.0,6,1,5259.5,5257,5262,5,5259.5,buy,3.0,2.5,-0.5,Mark 55->Mark 14,med,0.2953846153846154,2.7046153846153844
144500,Mark 01,Mark 55,VELVETFRUIT_EXTRACT,XIRECS,5258.0,5,1,5260.5,5258,5263,5,5260.5,sell,0.5,3.0,-7.5,Mark 01->Mark 55,med,0.23694779116465864,0.26305220883534136
145500,Mark 01,Mark 22,VEV_5400,XIRECS,19.0,2,1,19.5,19,20,1,19.5,sell,0.5,1.5,-2.5,Mark 01->Mark 22,tight,-0.01730769230769231,0.5173076923076924
145500,Mark 01,Mark 22,VEV_5500,XIRECS,8.0,2,1,8.5,8,9,1,8.5,sell,0.0,1.0,-1.0,Mark 01->Mark 22,tight,-0.020202020202020204,0.020202020202020204
145500,Mark 01,Mark 22,VEV_6000,XIRECS,0.0,2,1,0.5,0,1,1,0.5,sell,0.0,0.0,0.0,Mark 01->Mark 22,tight,0.0,0.0
145500,Mark 01,Mark 22,VEV_6500,XIRECS,0.0,2,1,0.5,0,1,1,0.5,sell,0.0,0.0,0.0,Mark 01->Mark 22,tight,0.0,0.0
145600,Mark 38,Mark 14,HYDROGEL_PACK,XIRECS,9962.0,5,1,9954.0,9946,9962,16,9954.0,buy,3.0,10.0,5.0,Mark 38->Mark 14,wide,-0.1782178217821782,3.1782178217821784
146500,Mark 38,Mark 14,HYDROGEL_PACK,XIRECS,9963.0,6,1,9955.0,9947,9963,16,9955.0,buy,4.0,9.0,4.0,Mark 38->Mark 14,wide,-0.1782178217821782,4.178217821782178
146700,Mark 14,Mark 55,VELVETFRUIT_EXTRACT,XIRECS,5260.0,7,1,5262.5,5260,5265,5,5262.5,sell,3.0,2.0,-15.0,Mark 14->Mark 55,med,-0.13973063973063973,3.1397306397306397
147900,Mark 14,Mark 38,VEV_4000,XIRECS,1256.0,1,1,1267.0,1256,1278,22,1267.0,sell,-2.5,-0.5,-11.5,Mark 14->Mark 38,wide,-0.15800865800865802,-2.341991341991342
148000,Mark 38,Mark 14,HYDROGEL_PACK,XIRECS,9972.0,3,1,9964.0,9956,9972,16,9964.0,buy,0.0,1.0,-9.0,Mark 38->Mark 14,wide,-0.1782178217821782,0.1782178217821782
148300,Mark 22,Mark 55,VELVETFRUIT_EXTRACT,XIRECS,5265.0,4,1,5266.5,5265,5268,3,5266.5,sell,-4.0,0.0,-10.0,Mark 22->Mark 55,med,-1.3888888888888888,-2.611111111111111
150600,Mark 01,Mark 22,VEV_5300,XIRECS,53.0,2,1,54.0,53,55,2,54.0,sell,0.0,-4.0,-5.0,Mark 01->Mark 22,tight,-0.15648854961832062,0.15648854961832062
150600,Mark 01,Mark 22,VEV_5400,XIRECS,20.0,2,1,20.5,20,21,1,20.5,sell,0.0,-2.0,-2.0,Mark 01->Mark 22,tight,-0.01730769230769231,0.01730769230769231
150600,Mark 01,Mark 22,VEV_5500,XIRECS,8.0,2,1,8.5,8,9,1,8.5,sell,0.0,-0.5,-1.0,Mark 01->Mark 22,tight,-0.020202020202020204,0.020202020202020204
150600,Mark 01,Mark 22,VEV_6000,XIRECS,0.0,2,1,0.5,0,1,1,0.5,sell,0.0,0.0,0.0,Mark 01->Mark 22,tight,0.0,0.0
150600,Mark 01,Mark 22,VEV_6500,XIRECS,0.0,2,1,0.5,0,1,1,0.5,sell,0.0,0.0,0.0,Mark 01->Mark 22,tight,0.0,0.0
150700,Mark 55,Mark 01,VELVETFRUIT_EXTRACT,XIRECS,5268.0,7,1,5265.5,5263,5268,5,5265.5,buy,1.0,-8.5,-11.0,Mark 55->Mark 01,med,-0.0020491803278688526,1.0020491803278688
151100,Mark 14,Mark 38,HYDROGEL_PACK,XIRECS,9945.0,4,1,9953.0,9945,9961,16,9953.0,sell,3.0,2.0,13.0,Mark 14->Mark 38,wide,0.06781376518218624,2.932186234817814
151200,Mark 14,Mark 38,HYDROGEL_PACK,XIRECS,9944.0,6,1,9952.0,9944,9960,16,9952.0,sell,0.0,5.0,11.5,Mark 14->Mark 38,wide,0.06781376518218624,-0.06781376518218624
151400,Mark 01,Mark 55,VELVETFRUIT_EXTRACT,XIRECS,5261.0,7,1,5263.5,5261,5266,5,5263.5,sell,-3.5,-7.0,-9.0,Mark 01->Mark 55,med,0.23694779116465864,-3.7369477911646585
152700,Mark 14,Mark 38,HYDROGEL_PACK,XIRECS,9944.0,5,1,9952.0,9944,9960,16,9952.0,sell,5.0,3.0,18.0,Mark 14->Mark 38,wide,0.06781376518218624,4.932186234817814
153000,Mark 01,Mark 22,VEV_5400,XIRECS,18.0,4,1,18.5,18,19,1,18.5,sell,0.0,-0.5,0.0,Mark 01->Mark 22,tight,-0.01730769230769231,0.01730769230769231
153000,Mark 01,Mark 22,VEV_5500,XIRECS,7.0,4,1,8.0,7,9,2,8.0,sell,-0.5,-0.5,-0.5,Mark 01->Mark 22,tight,-0.020202020202020204,-0.4797979797979798
153000,Mark 01,Mark 22,VEV_6000,XIRECS,0.0,4,1,0.5,0,1,1,0.5,sell,0.0,0.0,0.0,Mark 01->Mark 22,tight,0.0,0.0
153000,Mark 01,Mark 22,VEV_6500,XIRECS,0.0,4,1,0.5,0,1,1,0.5,sell,0.0,0.0,0.0,Mark 01->Mark 22,tight,0.0,0.0
154100,Mark 14,Mark 38,VEV_4000,XIRECS,1242.0,3,1,1252.5,1242,1263,21,1252.5,sell,1.0,-4.5,0.0,Mark 14->Mark 38,wide,-0.15800865800865802,1.158008658008658
155900,Mark 38,Mark 14,HYDROGEL_PACK,XIRECS,9966.0,4,1,9958.5,9951,9966,15,9958.5,buy,-1.5,0.5,10.5,Mark 38->Mark 14,wide,-0.1782178217821782,-1.3217821782178218
156200,Mark 14,Mark 38,VEV_4000,XIRECS,1237.0,1,1,1247.5,1237,1258,21,1247.5,sell,0.0,8.0,3.0,Mark 14->Mark 38,wide,-0.15800865800865802,0.15800865800865802
156400,Mark 14,Mark 38,HYDROGEL_PACK,XIRECS,9949.0,6,1,9957.0,9949,9965,16,9957.0,sell,5.0,-3.0,13.0,Mark 14->Mark 38,wide,0.06781376518218624,4.932186234817814
159900,Mark 14,Mark 38,HYDROGEL_PACK,XIRECS,9961.0,3,1,9969.0,9961,9977,16,9969.0,sell,-4.0,-8.0,-4.0,Mark 14->Mark 38,wide,0.06781376518218624,-4.067813765182186
161200,Mark 14,Mark 38,HYDROGEL_PACK,XIRECS,9956.0,6,1,9963.5,9956,9971,15,9963.5,sell,3.5,7.5,17.5,Mark 14->Mark 38,wide,0.06781376518218624,3.432186234817814
163300,Mark 67,Mark 22,VELVETFRUIT_EXTRACT,XIRECS,5254.0,10,1,5253.0,5252,5254,2,5253.0,buy,2.0,-1.5,-4.0,Mark 67->Mark 22,tight,2.06,-0.06000000000000005
164000,Mark 14,Mark 55,VELVETFRUIT_EXTRACT,XIRECS,5251.0,5,1,5253.5,5251,5256,5,5253.5,sell,-1.0,-3.0,-4.5,Mark 14->Mark 55,med,-0.13973063973063973,-0.8602693602693603
164300,Mark 38,Mark 14,HYDROGEL_PACK,XIRECS,9973.0,5,1,9965.0,9957,9973,16,9965.0,buy,6.0,4.0,12.0,Mark 38->Mark 14,wide,-0.1782178217821782,6.178217821782178
165500,Mark 49,Mark 55,VELVETFRUIT_EXTRACT,XIRECS,5250.0,4,1,5251.0,5250,5252,2,5251.0,sell,-0.5,1.5,-3.5,Mark 49->Mark 55,tight,-2.5,2.0
167300,Mark 14,Mark 38,HYDROGEL_PACK,XIRECS,9957.0,3,1,9965.0,9957,9973,16,9965.0,sell,-5.0,1.0,33.0,Mark 14->Mark 38,wide,0.06781376518218624,-5.067813765182186
167600,Mark 01,Mark 55,VELVETFRUIT_EXTRACT,XIRECS,5249.0,6,1,5252.0,5249,5255,6,5252.0,sell,1.5,2.5,-6.5,Mark 01->Mark 55,med,0.23694779116465864,1.2630522088353413
167600,Mark 14,Mark 38,VEV_4000,XIRECS,1242.0,2,1,1252.5,1242,1263,21,1252.5,sell,1.0,2.0,-7.0,Mark 14->Mark 38,wide,-0.15800865800865802,1.158008658008658
168400,Mark 14,Mark 55,VELVETFRUIT_EXTRACT,XIRECS,5248.0,3,1,5250.5,5248,5253,5,5250.5,sell,-1.0,-1.0,-1.0,Mark 14->Mark 55,med,-0.13973063973063973,-0.8602693602693603
168500,Mark 38,Mark 14,VEV_4000,XIRECS,1261.0,2,1,1255.5,1250,1261,11,1255.5,buy,-5.0,-12.5,-7.0,Mark 38->Mark 14,wide,0.14285714285714285,-5.142857142857143
168700,Mark 38,Mark 14,VEV_4000,XIRECS,1260.0,1,1,1249.5,1239,1260,21,1249.5,buy,1.0,0.0,-1.0,Mark 38->Mark 14,wide,0.14285714285714285,0.8571428571428572
170400,Mark 01,Mark 22,VEV_5400,XIRECS,17.0,5,1,17.5,17,18,1,17.5,sell,0.0,0.0,-0.5,Mark 01->Mark 22,tight,-0.01730769230769231,0.01730769230769231
170400,Mark 01,Mark 22,VEV_5500,XIRECS,7.0,5,1,7.5,7,8,1,7.5,sell,0.0,0.0,0.0,Mark 01->Mark 22,tight,-0.020202020202020204,0.020202020202020204
170400,Mark 01,Mark 22,VEV_6000,XIRECS,0.0,5,1,0.5,0,1,1,0.5,sell,0.0,0.0,0.0,Mark 01->Mark 22,tight,0.0,0.0
170400,Mark 01,Mark 22,VEV_6500,XIRECS,0.0,5,1,0.5,0,1,1,0.5,sell,0.0,0.0,0.0,Mark 01->Mark 22,tight,0.0,0.0
170500,Mark 14,Mark 22,VEV_5300,XIRECS,46.0,3,1,47.0,46,48,2,47.0,sell,-1.0,0.0,-1.0,Mark 14->Mark 22,tight,-0.41379310344827586,-0.5862068965517242
170500,Mark 01,Mark 22,VEV_5500,XIRECS,7.0,3,1,7.5,7,8,1,7.5,sell,0.0,0.0,0.0,Mark 01->Mark 22,tight,-0.020202020202020204,0.020202020202020204
170500,Mark 01,Mark 22,VEV_6000,XIRECS,0.0,3,1,0.5,0,1,1,0.5,sell,0.0,0.0,0.0,Mark 01->Mark 22,tight,0.0,0.0
170500,Mark 01,Mark 22,VEV_6500,XIRECS,0.0,3,1,0.5,0,1,1,0.5,sell,0.0,0.0,0.0,Mark 01->Mark 22,tight,0.0,0.0
170900,Mark 38,Mark 14,VEV_4000,XIRECS,1260.0,3,1,1249.5,1239,1260,21,1249.5,buy,2.0,-2.0,-2.0,Mark 38->Mark 14,wide,0.14285714285714285,1.8571428571428572
171400,Mark 38,Mark 14,HYDROGEL_PACK,XIRECS,9992.0,6,1,9984.0,9976,9992,16,9984.0,buy,-7.0,-13.0,25.0,Mark 38->Mark 14,wide,-0.1782178217821782,-6.821782178217822
171700,Mark 01,Mark 55,VELVETFRUIT_EXTRACT,XIRECS,5248.0,7,1,5250.5,5248,5253,5,5250.5,sell,0.0,-2.0,-5.0,Mark 01->Mark 55,med,0.23694779116465864,-0.23694779116465864
172400,Mark 14,Mark 38,VEV_4000,XIRECS,1238.0,1,1,1248.5,1238,1259,21,1248.5,sell,-1.0,-4.0,-4.0,Mark 14->Mark 38,wide,-0.15800865800865802,-0.841991341991342
172500,Mark 01,Mark 22,VEV_5300,XIRECS,46.0,5,1,47.0,46,48,2,47.0,sell,-1.0,-2.0,-2.0,Mark 01->Mark 22,tight,-0.15648854961832062,-0.8435114503816794
172500,Mark 01,Mark 22,VEV_5400,XIRECS,17.0,5,1,17.5,17,18,1,17.5,sell,-0.5,-1.0,-1.0,Mark 01->Mark 22,tight,-0.01730769230769231,-0.4826923076923077
172500,Mark 01,Mark 22,VEV_5500,XIRECS,7.0,5,1,7.5,7,8,1,7.5,sell,0.0,-0.5,-0.5,Mark 01->Mark 22,tight,-0.020202020202020204,0.020202020202020204
172500,Mark 01,Mark 22,VEV_6000,XIRECS,0.0,5,1,0.5,0,1,1,0.5,sell,0.0,0.0,0.0,Mark 01->Mark 22,tight,0.0,0.0
172500,Mark 01,Mark 22,VEV_6500,XIRECS,0.0,5,1,0.5,0,1,1,0.5,sell,0.0,0.0,0.0,Mark 01->Mark 22,tight,0.0,0.0
174200,Mark 38,Mark 14,HYDROGEL_PACK,XIRECS,9988.0,5,1,9980.0,9972,9988,16,9980.0,buy,1.0,17.0,34.0,Mark 38->Mark 14,wide,-0.1782178217821782,1.1782178217821782
174400,Mark 38,Mark 14,HYDROGEL_PACK,XIRECS,9991.0,6,1,9983.5,9976,9991,15,9983.5,buy,2.5,17.5,32.5,Mark 38->Mark 14,wide,-0.1782178217821782,2.6782178217821784
178000,Mark 14,Mark 38,HYDROGEL_PACK,XIRECS,9988.0,3,1,9996.0,9988,10004,16,9996.0,sell,-2.0,6.0,30.0,Mark 14->Mark 38,wide,0.06781376518218624,-2.067813765182186
179200,Mark 01,Mark 55,VELVETFRUIT_EXTRACT,XIRECS,5243.0,4,1,5245.5,5243,5248,5,5245.5,sell,2.0,1.0,-9.0,Mark 01->Mark 55,med,0.23694779116465864,1.7630522088353413
180100,Mark 55,Mark 01,VELVETFRUIT_EXTRACT,XIRECS,5248.0,3,1,5245.5,5243,5248,5,5245.5,buy,3.0,-2.0,-7.0,Mark 55->Mark 01,med,-0.0020491803278688526,3.002049180327869
182100,Mark 14,Mark 38,HYDROGEL_PACK,XIRECS,10012.0,3,1,10020.0,10012,10028,16,10020.0,sell,-1.0,-7.0,2.0,Mark 14->Mark 38,wide,0.06781376518218624,-1.0678137651821862
182800,Mark 14,Mark 38,HYDROGEL_PACK,XIRECS,10010.0,5,1,10018.0,10010,10026,16,10018.0,sell,-9.5,2.0,-3.0,Mark 14->Mark 38,wide,0.06781376518218624,-9.567813765182187
184200,Mark 38,Mark 14,VEV_4000,XIRECS,1251.0,3,1,1240.5,1230,1251,21,1240.5,buy,1.0,-5.0,-4.0,Mark 38->Mark 14,wide,0.14285714285714285,0.8571428571428572
185800,Mark 38,Mark 14,HYDROGEL_PACK,XIRECS,10040.0,4,1,10032.0,10024,10040,16,10032.0,buy,-9.0,-6.0,-28.0,Mark 38->Mark 14,wide,-0.1782178217821782,-8.821782178217822
187400,Mark 55,Mark 01,VELVETFRUIT_EXTRACT,XIRECS,5235.0,8,1,5232.0,5229,5235,6,5232.0,buy,-0.5,6.5,5.5,Mark 55->Mark 01,med,-0.0020491803278688526,-0.4979508196721312
187600,Mark 55,Mark 01,VELVETFRUIT_EXTRACT,XIRECS,5235.0,5,1,5232.0,5229,5235,6,5232.0,buy,-2.0,8.5,4.5,Mark 55->Mark 01,med,-0.0020491803278688526,-1.9979508196721312
188400,Mark 14,Mark 38,HYDROGEL_PACK,XIRECS,10021.0,4,1,10029.0,10021,10037,16,10029.0,sell,-3.0,-3.0,-26.0,Mark 14->Mark 38,wide,0.06781376518218624,-3.067813765182186
188800,Mark 22,Mark 55,VELVETFRUIT_EXTRACT,XIRECS,5232.0,6,1,5233.5,5232,5235,3,5233.5,sell,4.0,4.0,8.0,Mark 22->Mark 55,med,-1.3888888888888888,5.388888888888889
190100,Mark 01,Mark 22,VEV_5300,XIRECS,42.0,3,1,43.0,42,44,2,43.0,sell,-1.0,-1.0,0.0,Mark 01->Mark 22,tight,-0.15648854961832062,-0.8435114503816794
190100,Mark 01,Mark 22,VEV_5400,XIRECS,15.0,3,1,15.5,15,16,1,15.5,sell,-0.5,-0.5,0.0,Mark 01->Mark 22,tight,-0.01730769230769231,-0.4826923076923077
190100,Mark 01,Mark 22,VEV_5500,XIRECS,6.0,3,1,6.5,6,7,1,6.5,sell,0.0,0.0,0.0,Mark 01->Mark 22,tight,-0.020202020202020204,0.020202020202020204
190100,Mark 01,Mark 22,VEV_6000,XIRECS,0.0,3,1,0.5,0,1,1,0.5,sell,0.0,0.0,0.0,Mark 01->Mark 22,tight,0.0,0.0
190100,Mark 01,Mark 22,VEV_6500,XIRECS,0.0,3,1,0.5,0,1,1,0.5,sell,0.0,0.0,0.0,Mark 01->Mark 22,tight,0.0,0.0
190600,Mark 14,Mark 55,VELVETFRUIT_EXTRACT,XIRECS,5234.0,6,1,5236.5,5234,5239,5,5236.5,sell,3.0,-3.0,4.0,Mark 14->Mark 55,med,-0.13973063973063973,3.1397306397306397
190700,Mark 55,Mark 14,VELVETFRUIT_EXTRACT,XIRECS,5239.0,3,1,5236.5,5234,5239,5,5236.5,buy,3.0,-3.0,5.0,Mark 55->Mark 14,med,0.2953846153846154,2.7046153846153844
191100,Mark 14,Mark 55,VELVETFRUIT_EXTRACT,XIRECS,5237.0,8,1,5239.5,5237,5242,5,5239.5,sell,-2.0,-4.0,1.0,Mark 14->Mark 55,med,-0.13973063973063973,-1.8602693602693603
192600,Mark 14,Mark 55,VELVETFRUIT_EXTRACT,XIRECS,5231.0,3,1,5233.5,5231,5236,5,5233.5,sell,2.0,2.0,10.0,Mark 14->Mark 55,med,-0.13973063973063973,2.1397306397306397
192800,Mark 14,Mark 38,HYDROGEL_PACK,XIRECS,10007.0,5,1,10015.0,10007,10023,16,10015.0,sell,1.0,-8.0,10.0,Mark 14->Mark 38,wide,0.06781376518218624,0.9321862348178138
193400,Mark 38,Mark 14,HYDROGEL_PACK,XIRECS,10026.0,4,1,10018.0,10010,10026,16,10018.0,buy,-3.0,-14.0,3.0,Mark 38->Mark 14,wide,-0.1782178217821782,-2.8217821782178216
194200,Mark 38,Mark 14,VEV_4000,XIRECS,1247.0,2,1,1236.5,1226,1247,21,1236.5,buy,-1.5,-1.0,6.0,Mark 38->Mark 14,wide,0.14285714285714285,-1.6428571428571428
194400,Mark 14,Mark 55,VELVETFRUIT_EXTRACT,XIRECS,5234.0,5,1,5236.5,5234,5239,5,5236.5,sell,-3.0,-2.0,3.5,Mark 14->Mark 55,med,-0.13973063973063973,-2.8602693602693603
195200,Mark 55,Mark 14,VELVETFRUIT_EXTRACT,XIRECS,5236.0,3,1,5233.5,5231,5236,5,5233.5,buy,1.0,2.5,8.5,Mark 55->Mark 14,med,0.2953846153846154,0.7046153846153846
195600,Mark 01,Mark 22,VEV_5300,XIRECS,41.0,3,1,42.0,41,43,2,42.0,sell,-1.0,1.0,4.0,Mark 01->Mark 22,tight,-0.15648854961832062,-0.8435114503816794
195600,Mark 01,Mark 22,VEV_5400,XIRECS,14.0,3,1,14.5,14,15,1,14.5,sell,0.0,1.0,2.0,Mark 01->Mark 22,tight,-0.01730769230769231,0.01730769230769231
195600,Mark 01,Mark 22,VEV_5500,XIRECS,6.0,3,1,6.5,6,7,1,6.5,sell,0.0,0.0,1.0,Mark 01->Mark 22,tight,-0.020202020202020204,0.020202020202020204
195600,Mark 01,Mark 22,VEV_6000,XIRECS,0.0,3,1,0.5,0,1,1,0.5,sell,0.0,0.0,0.0,Mark 01->Mark 22,tight,0.0,0.0
195600,Mark 01,Mark 22,VEV_6500,XIRECS,0.0,3,1,0.5,0,1,1,0.5,sell,0.0,0.0,0.0,Mark 01->Mark 22,tight,0.0,0.0
196100,Mark 55,Mark 14,VELVETFRUIT_EXTRACT,XIRECS,5236.0,5,1,5233.5,5231,5236,5,5233.5,buy,0.0,5.0,11.0,Mark 55->Mark 14,med,0.2953846153846154,-0.2953846153846154
196700,Mark 14,Mark 38,VEV_4000,XIRECS,1225.0,1,1,1235.5,1225,1246,21,1235.5,sell,0.5,6.0,9.0,Mark 14->Mark 38,wide,-0.15800865800865802,0.658008658008658
197600,Mark 67,Mark 49,VELVETFRUIT_EXTRACT,XIRECS,5237.0,9,1,5236.5,5236,5237,1,5236.5,buy,2.0,0.5,11.5,Mark 67->Mark 49,tight,1.875,0.125
198900,Mark 55,Mark 14,VELVETFRUIT_EXTRACT,XIRECS,5243.0,5,1,5240.5,5238,5243,5,5240.5,buy,0.0,1.0,6.0,Mark 55->Mark 14,med,0.2953846153846154,-0.2953846153846154
199200,Mark 55,Mark 14,VELVETFRUIT_EXTRACT,XIRECS,5243.0,5,1,5240.5,5238,5243,5,5240.5,buy,-1.0,1.0,7.0,Mark 55->Mark 14,med,0.2953846153846154,-1.2953846153846154
199400,Mark 38,Mark 14,HYDROGEL_PACK,XIRECS,10029.0,3,1,10021.0,10013,10029,16,10021.0,buy,-5.0,-0.5,-7.0,Mark 38->Mark 14,wide,-0.1782178217821782,-4.821782178217822
202300,Mark 38,Mark 14,VEV_4000,XIRECS,1252.0,3,1,1241.5,1231,1252,21,1241.5,buy,1.0,0.0,14.0,Mark 38->Mark 14,wide,0.14285714285714285,0.8571428571428572
202700,Mark 38,Mark 14,HYDROGEL_PACK,XIRECS,10033.0,5,1,10025.0,10017,10033,16,10025.0,buy,-3.0,-15.0,-26.0,Mark 38->Mark 14,wide,-0.1782178217821782,-2.8217821782178216
203200,Mark 14,Mark 38,HYDROGEL_PACK,XIRECS,10014.0,6,1,10022.0,10014,10030,16,10022.0,sell,-3.0,-11.0,-22.0,Mark 14->Mark 38,wide,0.06781376518218624,-3.067813765182186
203700,Mark 55,Mark 14,VELVETFRUIT_EXTRACT,XIRECS,5241.0,3,1,5238.5,5236,5241,5,5238.5,buy,4.0,7.0,18.0,Mark 55->Mark 14,med,0.2953846153846154,3.7046153846153844
206200,Mark 14,Mark 22,VEV_5400,XIRECS,16.0,3,1,16.5,16,17,1,16.5,sell,0.0,0.5,0.5,Mark 14->Mark 22,tight,-0.38461538461538464,0.38461538461538464
206200,Mark 01,Mark 22,VEV_6000,XIRECS,0.0,3,1,0.5,0,1,1,0.5,sell,0.0,0.0,0.0,Mark 01->Mark 22,tight,0.0,0.0
206200,Mark 01,Mark 22,VEV_6500,XIRECS,0.0,3,1,0.5,0,1,1,0.5,sell,0.0,0.0,0.0,Mark 01->Mark 22,tight,0.0,0.0
206600,Mark 38,Mark 14,VEV_4000,XIRECS,1255.0,1,1,1244.5,1234,1255,21,1244.5,buy,1.5,2.0,6.0,Mark 38->Mark 14,wide,0.14285714285714285,1.3571428571428572
206800,Mark 01,Mark 55,VELVETFRUIT_EXTRACT,XIRECS,5241.0,6,1,5243.5,5241,5246,5,5243.5,sell,2.0,3.0,8.0,Mark 01->Mark 55,med,0.23694779116465864,1.7630522088353413
207600,Mark 55,Mark 01,VELVETFRUIT_EXTRACT,XIRECS,5251.0,4,1,5248.0,5245,5251,6,5248.0,buy,-0.5,0.5,3.0,Mark 55->Mark 01,med,-0.0020491803278688526,-0.4979508196721312
210300,Mark 14,Mark 55,VELVETFRUIT_EXTRACT,XIRECS,5250.0,5,1,5252.5,5250,5255,5,5252.5,sell,-1.0,3.0,-6.0,Mark 14->Mark 55,med,-0.13973063973063973,-0.8602693602693603
210600,Mark 14,Mark 38,HYDROGEL_PACK,XIRECS,9990.0,5,1,9998.0,9990,10006,16,9998.0,sell,6.0,4.0,8.0,Mark 14->Mark 38,wide,0.06781376518218624,5.932186234817814
211100,Mark 14,Mark 38,HYDROGEL_PACK,XIRECS,9996.0,6,1,10004.0,9996,10012,16,10004.0,sell,2.0,-2.0,-2.0,Mark 14->Mark 38,wide,0.06781376518218624,1.9321862348178138
213700,Mark 55,Mark 01,VELVETFRUIT_EXTRACT,XIRECS,5259.0,5,1,5256.5,5254,5259,5,5256.5,buy,-3.0,-4.0,-9.0,Mark 55->Mark 01,med,-0.0020491803278688526,-2.997950819672131
214400,Mark 01,Mark 55,VELVETFRUIT_EXTRACT,XIRECS,5250.0,3,1,5253.0,5250,5256,6,5253.0,sell,-2.0,-3.5,-5.0,Mark 01->Mark 55,med,0.23694779116465864,-2.2369477911646585
215000,Mark 14,Mark 55,VELVETFRUIT_EXTRACT,XIRECS,5249.0,4,1,5251.5,5249,5254,5,5251.5,sell,2.0,1.5,1.0,Mark 14->Mark 55,med,-0.13973063973063973,2.1397306397306397
216000,Mark 38,Mark 14,VEV_4000,XIRECS,1263.0,1,1,1252.5,1242,1263,21,1252.5,buy,-2.0,1.0,0.0,Mark 38->Mark 14,wide,0.14285714285714285,-2.142857142857143
217100,Mark 55,Mark 14,VELVETFRUIT_EXTRACT,XIRECS,5257.0,4,1,5254.5,5252,5257,5,5254.5,buy,-3.5,-3.0,-0.5,Mark 55->Mark 14,med,0.2953846153846154,-3.7953846153846156
217500,Mark 38,Mark 14,HYDROGEL_PACK,XIRECS,10011.0,4,1,10003.0,9995,10011,16,10003.0,buy,-2.0,1.0,-22.0,Mark 38->Mark 14,wide,-0.1782178217821782,-1.8217821782178218
217800,Mark 38,Mark 14,VEV_4000,XIRECS,1263.0,1,1,1252.5,1242,1263,21,1252.5,buy,0.0,-3.0,1.0,Mark 38->Mark 14,wide,0.14285714285714285,-0.14285714285714285
218500,Mark 38,Mark 14,HYDROGEL_PACK,XIRECS,10017.0,5,1,10009.0,10001,10017,16,10009.0,buy,-4.0,-5.0,-22.0,Mark 38->Mark 14,wide,-0.1782178217821782,-3.8217821782178216
218900,Mark 38,Mark 14,HYDROGEL_PACK,XIRECS,10014.0,3,1,10006.0,9998,10014,16,10006.0,buy,-2.0,1.0,-19.0,Mark 38->Mark 14,wide,-0.1782178217821782,-1.8217821782178218
218900,Mark 14,Mark 55,VELVETFRUIT_EXTRACT,XIRECS,5249.0,8,1,5251.5,5249,5254,5,5251.5,sell,0.0,-7.0,-5.0,Mark 14->Mark 55,med,-0.13973063973063973,0.13973063973063973
221200,Mark 38,Mark 14,HYDROGEL_PACK,XIRECS,10011.0,5,1,10003.0,9995,10011,16,10003.0,buy,4.0,-8.0,6.0,Mark 38->Mark 14,wide,-0.1782178217821782,4.178217821782178
221800,Mark 14,Mark 55,VELVETFRUIT_EXTRACT,XIRECS,5241.0,7,1,5243.5,5241,5246,5,5243.5,sell,3.0,4.5,-0.5,Mark 14->Mark 55,med,-0.13973063973063973,3.1397306397306397
222900,Mark 14,Mark 38,VEV_4000,XIRECS,1236.0,3,1,1246.5,1236,1257,21,1246.5,sell,-1.0,4.0,-3.0,Mark 14->Mark 38,wide,-0.15800865800865802,-0.841991341991342
223300,Mark 38,Mark 14,VEV_4000,XIRECS,1257.0,2,1,1246.5,1236,1257,21,1246.5,buy,2.0,3.0,-4.0,Mark 38->Mark 14,wide,0.14285714285714285,1.8571428571428572
224100,Mark 38,Mark 14,VEV_4000,XIRECS,1258.0,2,1,1247.5,1237,1258,21,1247.5,buy,1.0,6.5,-4.0,Mark 38->Mark 14,wide,0.14285714285714285,0.8571428571428572
225100,Mark 55,Mark 14,VELVETFRUIT_EXTRACT,XIRECS,5254.0,5,1,5251.5,5249,5254,5,5251.5,buy,-1.0,2.5,-4.5,Mark 55->Mark 14,med,0.2953846153846154,-1.2953846153846154
226100,Mark 14,Mark 38,HYDROGEL_PACK,XIRECS,9974.0,5,1,9982.0,9974,9990,16,9982.0,sell,0.0,-1.0,27.0,Mark 14->Mark 38,wide,0.06781376518218624,-0.06781376518218624
229100,Mark 38,Mark 14,VEV_4000,XIRECS,1258.0,1,1,1247.5,1237,1258,21,1247.5,buy,-1.0,-4.0,6.0,Mark 38->Mark 14,wide,0.14285714285714285,-1.1428571428571428
230000,Mark 38,Mark 14,HYDROGEL_PACK,XIRECS,9998.0,4,1,9990.0,9982,9998,16,9990.0,buy,7.0,20.0,21.0,Mark 38->Mark 14,wide,-0.1782178217821782,7.178217821782178
230800,Mark 38,Mark 14,HYDROGEL_PACK,XIRECS,10007.0,3,1,9999.0,9991,10007,16,9999.0,buy,11.0,12.0,24.5,Mark 38->Mark 14,wide,-0.1782178217821782,11.178217821782178
235300,Mark 01,Mark 22,VEV_5400,XIRECS,16.0,3,1,16.5,16,17,1,16.5,sell,0.0,0.5,1.0,Mark 01->Mark 22,tight,-0.01730769230769231,0.01730769230769231
235300,Mark 01,Mark 22,VEV_5500,XIRECS,7.0,3,1,7.5,7,8,1,7.5,sell,0.0,0.0,0.0,Mark 01->Mark 22,tight,-0.020202020202020204,0.020202020202020204
235300,Mark 01,Mark 22,VEV_6000,XIRECS,0.0,3,1,0.5,0,1,1,0.5,sell,0.0,0.0,0.0,Mark 01->Mark 22,tight,0.0,0.0
235300,Mark 01,Mark 22,VEV_6500,XIRECS,0.0,3,1,0.5,0,1,1,0.5,sell,0.0,0.0,0.0,Mark 01->Mark 22,tight,0.0,0.0
235900,Mark 14,Mark 38,HYDROGEL_PACK,XIRECS,9998.0,3,1,10006.0,9998,10014,16,10006.0,sell,7.0,13.0,0.0,Mark 14->Mark 38,wide,0.06781376518218624,6.932186234817814
237900,Mark 55,Mark 01,VELVETFRUIT_EXTRACT,XIRECS,5254.0,6,1,5251.0,5248,5254,6,5251.0,buy,-2.5,4.5,6.0,Mark 55->Mark 01,med,-0.0020491803278688526,-2.497950819672131
238200,Mark 38,Mark 14,HYDROGEL_PACK,XIRECS,10025.0,2,1,10017.0,10009,10025,16,10017.0,buy,0.0,-2.0,0.0,Mark 38->Mark 14,wide,-0.1782178217821782,0.1782178217821782
239400,Mark 14,Mark 55,VELVETFRUIT_EXTRACT,XIRECS,5251.0,6,1,5253.5,5251,5256,5,5253.5,sell,2.0,5.0,12.0,Mark 14->Mark 55,med,-0.13973063973063973,2.1397306397306397
239600,Mark 14,Mark 38,HYDROGEL_PACK,XIRECS,10006.0,4,1,10014.0,10006,10022,16,10014.0,sell,-4.0,-2.0,-8.0,Mark 14->Mark 38,wide,0.06781376518218624,-4.067813765182186
239600,Mark 55,Mark 22,VELVETFRUIT_EXTRACT,XIRECS,5255.0,5,1,5253.5,5252,5255,3,5253.5,buy,1.5,6.0,12.0,Mark 55->Mark 22,med,1.5,0.0
239700,Mark 38,Mark 14,HYDROGEL_PACK,XIRECS,10021.0,6,1,10013.0,10005,10021,16,10013.0,buy,2.0,-3.0,-8.0,Mark 38->Mark 14,wide,-0.1782178217821782,2.1782178217821784
240200,Mark 55,Mark 14,VELVETFRUIT_EXTRACT,XIRECS,5258.0,3,1,5255.5,5253,5258,5,5255.5,buy,2.0,6.0,9.5,Mark 55->Mark 14,med,0.2953846153846154,1.7046153846153846
240600,Mark 14,Mark 38,HYDROGEL_PACK,XIRECS,10013.0,3,1,10021.0,10013,10029,16,10021.0,sell,-5.0,-15.0,-23.0,Mark 14->Mark 38,wide,0.06781376518218624,-5.067813765182186
241900,Mark 14,Mark 38,HYDROGEL_PACK,XIRECS,10005.0,2,1,10013.0,10005,10021,16,10013.0,sell,-7.0,-7.5,-19.0,Mark 14->Mark 38,wide,0.06781376518218624,-7.067813765182186
242900,Mark 67,Mark 22,VELVETFRUIT_EXTRACT,XIRECS,5254.0,5,1,5253.0,5252,5254,2,5253.0,buy,1.5,3.5,12.5,Mark 67->Mark 22,tight,2.06,-0.56
245600,Mark 55,Mark 14,VELVETFRUIT_EXTRACT,XIRECS,5256.0,6,1,5253.5,5251,5256,5,5253.5,buy,2.5,3.0,10.0,Mark 55->Mark 14,med,0.2953846153846154,2.2046153846153844
248200,Mark 38,Mark 14,HYDROGEL_PACK,XIRECS,10025.0,5,1,10017.0,10009,10025,16,10017.0,buy,0.0,-16.0,-46.0,Mark 38->Mark 14,wide,-0.1782178217821782,0.1782178217821782
248300,Mark 01,Mark 55,VELVETFRUIT_EXTRACT,XIRECS,5257.0,5,1,5259.5,5257,5262,5,5259.5,sell,4.0,5.0,-1.0,Mark 01->Mark 55,med,0.23694779116465864,3.7630522088353415
250500,Mark 01,Mark 55,VELVETFRUIT_EXTRACT,XIRECS,5260.0,4,1,5262.5,5260,5265,5,5262.5,sell,1.0,2.0,-6.5,Mark 01->Mark 55,med,0.23694779116465864,0.7630522088353413
250600,Mark 14,Mark 38,VEV_4000,XIRECS,1252.0,2,1,1262.5,1252,1273,21,1262.5,sell,1.0,4.5,-5.0,Mark 14->Mark 38,wide,-0.15800865800865802,1.158008658008658
251200,Mark 01,Mark 55,VELVETFRUIT_EXTRACT,XIRECS,5262.0,8,1,5264.5,5262,5267,5,5264.5,sell,0.5,-2.0,-7.0,Mark 01->Mark 55,med,0.23694779116465864,0.26305220883534136
251600,Mark 38,Mark 14,VEV_4000,XIRECS,1275.0,3,1,1264.5,1254,1275,21,1264.5,buy,-1.0,0.0,-8.0,Mark 38->Mark 14,wide,0.14285714285714285,-1.1428571428571428
251900,Mark 67,Mark 49,VELVETFRUIT_EXTRACT,XIRECS,5263.0,14,1,5262.0,5261,5263,2,5262.0,buy,2.5,1.5,-7.0,Mark 67->Mark 49,tight,1.875,0.625
252400,Mark 55,Mark 14,VELVETFRUIT_EXTRACT,XIRECS,5267.0,6,1,5264.5,5262,5267,5,5264.5,buy,1.0,0.5,-11.5,Mark 55->Mark 14,med,0.2953846153846154,0.7046153846153846
252500,Mark 14,Mark 38,HYDROGEL_PACK,XIRECS,9988.0,3,1,9996.0,9988,10004,16,9996.0,sell,-1.0,-4.0,2.0,Mark 14->Mark 38,wide,0.06781376518218624,-1.0678137651821862
252500,Mark 01,Mark 22,VEV_5300,XIRECS,53.0,2,1,54.0,53,55,2,54.0,sell,0.0,0.0,-4.0,Mark 01->Mark 22,tight,-0.15648854961832062,0.15648854961832062
252500,Mark 01,Mark 22,VEV_5400,XIRECS,19.0,2,1,20.0,19,21,2,20.0,sell,0.0,0.0,-2.0,Mark 01->Mark 22,tight,-0.01730769230769231,0.01730769230769231
252500,Mark 01,Mark 22,VEV_5500,XIRECS,8.0,2,1,9.0,8,10,2,9.0,sell,0.0,0.0,-1.0,Mark 01->Mark 22,tight,-0.020202020202020204,0.020202020202020204
252500,Mark 01,Mark 22,VEV_6000,XIRECS,0.0,2,1,0.5,0,1,1,0.5,sell,0.0,0.0,0.0,Mark 01->Mark 22,tight,0.0,0.0
252500,Mark 01,Mark 22,VEV_6500,XIRECS,0.0,2,1,0.5,0,1,1,0.5,sell,0.0,0.0,0.0,Mark 01->Mark 22,tight,0.0,0.0
253900,Mark 55,Mark 14,VELVETFRUIT_EXTRACT,XIRECS,5266.0,3,1,5263.5,5261,5266,5,5263.5,buy,1.5,1.0,-9.0,Mark 55->Mark 14,med,0.2953846153846154,1.2046153846153846
254700,Mark 38,Mark 14,HYDROGEL_PACK,XIRECS,9997.0,5,1,9992.5,9988,9997,9,9992.5,buy,-7.5,-13.5,8.5,Mark 38->Mark 14,wide,-0.1782178217821782,-7.321782178217822
255000,Mark 14,Mark 38,HYDROGEL_PACK,XIRECS,9980.0,4,1,9988.0,9980,9996,16,9988.0,sell,-10.0,-9.0,13.0,Mark 14->Mark 38,wide,0.06781376518218624,-10.067813765182187
255300,Mark 14,Mark 38,HYDROGEL_PACK,XIRECS,9973.0,2,1,9981.0,9973,9989,16,9981.0,sell,-6.0,-8.0,21.0,Mark 14->Mark 38,wide,0.06781376518218624,-6.067813765182186
255400,Mark 14,Mark 38,HYDROGEL_PACK,XIRECS,9973.0,3,1,9981.0,9973,9989,16,9981.0,sell,-3.0,-8.0,19.0,Mark 14->Mark 38,wide,0.06781376518218624,-3.067813765182186
258400,Mark 67,Mark 22,VELVETFRUIT_EXTRACT,XIRECS,5257.0,8,1,5256.0,5255,5257,2,5256.0,buy,2.0,-2.5,-9.5,Mark 67->Mark 22,tight,2.06,-0.06000000000000005
262200,Mark 01,Mark 55,VELVETFRUIT_EXTRACT,XIRECS,5250.0,4,1,5252.5,5250,5255,5,5252.5,sell,5.0,0.0,7.0,Mark 01->Mark 55,med,0.23694779116465864,4.763052208835341
262300,Mark 38,Mark 14,HYDROGEL_PACK,XIRECS,10005.0,4,1,9997.0,9989,10005,16,9997.0,buy,3.0,5.0,-22.0,Mark 38->Mark 14,wide,-0.1782178217821782,3.1782178217821784
262800,Mark 38,Mark 14,HYDROGEL_PACK,XIRECS,10008.0,2,1,10000.0,9992,10008,16,10000.0,buy,3.0,0.0,-25.0,Mark 38->Mark 14,wide,-0.1782178217821782,3.1782178217821784
263100,Mark 38,Mark 14,VEV_4000,XIRECS,1268.0,3,1,1257.5,1247,1268,21,1257.5,buy,-4.0,-5.0,3.0,Mark 38->Mark 14,wide,0.14285714285714285,-4.142857142857143
263900,Mark 55,Mark 14,VELVETFRUIT_EXTRACT,XIRECS,5257.0,7,1,5254.5,5252,5257,5,5254.5,buy,-2.0,-4.0,5.0,Mark 55->Mark 14,med,0.2953846153846154,-2.2953846153846156
265400,Mark 67,Mark 49,VELVETFRUIT_EXTRACT,XIRECS,5250.0,9,1,5249.0,5248,5250,2,5249.0,buy,1.5,1.5,9.5,Mark 67->Mark 49,tight,1.875,-0.375
265600,Mark 14,Mark 55,VELVETFRUIT_EXTRACT,XIRECS,5248.0,5,1,5250.5,5248,5253,5,5250.5,sell,0.5,-1.5,9.0,Mark 14->Mark 55,med,-0.13973063973063973,0.6397306397306397
265800,Mark 55,Mark 14,VELVETFRUIT_EXTRACT,XIRECS,5252.0,7,1,5249.5,5247,5252,5,5249.5,buy,3.0,-2.0,9.0,Mark 55->Mark 14,med,0.2953846153846154,2.7046153846153844
265900,Mark 14,Mark 38,VEV_4000,XIRECS,1240.0,1,1,1250.5,1240,1261,21,1250.5,sell,0.0,-4.0,7.0,Mark 14->Mark 38,wide,-0.15800865800865802,0.15800865800865802
266300,Mark 38,Mark 14,HYDROGEL_PACK,XIRECS,9999.0,4,1,9991.0,9983,9999,16,9991.0,buy,1.0,1.0,-6.0,Mark 38->Mark 14,wide,-0.1782178217821782,1.1782178217821782
266500,Mark 55,Mark 01,VELVETFRUIT_EXTRACT,XIRECS,5253.0,5,1,5250.0,5247,5253,6,5250.0,buy,0.5,-3.5,4.0,Mark 55->Mark 01,med,-0.0020491803278688526,0.5020491803278688
266600,Mark 38,Mark 14,HYDROGEL_PACK,XIRECS,9997.0,4,1,9989.0,9981,9997,16,9989.0,buy,1.0,0.0,-6.0,Mark 38->Mark 14,wide,-0.1782178217821782,1.1782178217821782
267400,Mark 55,Mark 14,VELVETFRUIT_EXTRACT,XIRECS,5253.0,3,1,5250.5,5248,5253,5,5250.5,buy,-3.0,0.0,1.0,Mark 55->Mark 14,med,0.2953846153846154,-3.2953846153846156
268300,Mark 38,Mark 14,VEV_4000,XIRECS,1257.0,2,1,1246.5,1236,1257,21,1246.5,buy,0.0,7.0,9.0,Mark 38->Mark 14,wide,0.14285714285714285,-0.14285714285714285
268700,Mark 55,Mark 14,VELVETFRUIT_EXTRACT,XIRECS,5251.0,5,1,5248.5,5246,5251,5,5248.5,buy,1.5,10.5,6.5,Mark 55->Mark 14,med,0.2953846153846154,1.2046153846153846
269300,Mark 14,Mark 38,HYDROGEL_PACK,XIRECS,9973.0,3,1,9981.0,9973,9989,16,9981.0,sell,1.0,-1.0,-6.0,Mark 14->Mark 38,wide,0.06781376518218624,0.9321862348178138
269300,Mark 01,Mark 55,VELVETFRUIT_EXTRACT,XIRECS,5247.0,5,1,5249.5,5247,5252,5,5249.5,sell,1.5,8.0,7.0,Mark 01->Mark 55,med,0.23694779116465864,1.2630522088353413
271600,Mark 14,Mark 38,VEV_4000,XIRECS,1248.0,1,1,1258.5,1248,1269,21,1258.5,sell,1.0,2.5,-1.0,Mark 14->Mark 38,wide,-0.15800865800865802,1.158008658008658
272600,Mark 67,Mark 22,VELVETFRUIT_EXTRACT,XIRECS,5261.0,7,1,5260.0,5259,5261,2,5260.0,buy,0.5,-1.5,1.5,Mark 67->Mark 22,tight,2.06,-1.56
274600,Mark 38,Mark 14,HYDROGEL_PACK,XIRECS,9989.0,2,1,9981.5,9974,9989,15,9981.5,buy,3.0,1.5,-9.5,Mark 38->Mark 14,wide,-0.1782178217821782,3.1782178217821784
275300,Mark 55,Mark 01,VELVETFRUIT_EXTRACT,XIRECS,5259.0,8,1,5257.5,5256,5259,3,5257.5,buy,1.0,-6.0,7.0,Mark 55->Mark 01,med,-0.0020491803278688526,1.0020491803278688
275700,Mark 38,Mark 14,HYDROGEL_PACK,XIRECS,9996.0,2,1,9988.0,9980,9996,16,9988.0,buy,-4.0,-9.0,-14.0,Mark 38->Mark 14,wide,-0.1782178217821782,-3.8217821782178216
276500,Mark 55,Mark 14,VELVETFRUIT_EXTRACT,XIRECS,5255.0,7,1,5254.0,5253,5255,2,5254.0,buy,-2.5,1.5,11.5,Mark 55->Mark 14,tight,-2.5,0.0
277400,Mark 55,Mark 14,VELVETFRUIT_EXTRACT,XIRECS,5254.0,4,1,5251.5,5249,5254,5,5251.5,buy,1.5,7.0,15.0,Mark 55->Mark 14,med,0.2953846153846154,1.2046153846153846
278300,Mark 55,Mark 14,VELVETFRUIT_EXTRACT,XIRECS,5258.0,5,1,5255.5,5253,5258,5,5255.5,buy,1.0,3.0,10.0,Mark 55->Mark 14,med,0.2953846153846154,0.7046153846153846
279600,Mark 55,Mark 01,VELVETFRUIT_EXTRACT,XIRECS,5260.0,4,1,5257.0,5254,5260,6,5257.0,buy,4.0,0.5,11.0,Mark 55->Mark 01,med,-0.0020491803278688526,4.002049180327869
280500,Mark 38,Mark 14,HYDROGEL_PACK,XIRECS,9973.0,2,1,9965.0,9957,9973,16,9965.0,buy,-5.0,6.0,-13.0,Mark 38->Mark 14,wide,-0.1782178217821782,-4.821782178217822
281100,Mark 14,Mark 38,HYDROGEL_PACK,XIRECS,9952.0,3,1,9960.0,9952,9968,16,9960.0,sell,4.0,11.0,-2.0,Mark 14->Mark 38,wide,0.06781376518218624,3.932186234817814
281400,Mark 67,Mark 49,VELVETFRUIT_EXTRACT,XIRECS,5253.0,15,1,5252.5,5252,5253,1,5252.5,buy,4.0,4.0,20.5,Mark 67->Mark 49,tight,1.875,2.125
281500,Mark 38,Mark 14,VEV_4000,XIRECS,1267.0,1,1,1256.5,1246,1267,21,1256.5,buy,1.0,0.0,17.5,Mark 38->Mark 14,wide,0.14285714285714285,0.8571428571428572
282200,Mark 38,Mark 14,HYDROGEL_PACK,XIRECS,9979.0,2,1,9971.0,9963,9979,16,9971.0,buy,-2.0,5.0,-17.0,Mark 38->Mark 14,wide,-0.1782178217821782,-1.8217821782178218
282200,Mark 14,Mark 55,VELVETFRUIT_EXTRACT,XIRECS,5260.0,7,1,5262.5,5260,5265,5,5262.5,sell,-2.5,-1.0,10.0,Mark 14->Mark 55,med,-0.13973063973063973,-2.3602693602693603
283400,Mark 55,Mark 14,VELVETFRUIT_EXTRACT,XIRECS,5259.0,7,1,5256.5,5254,5259,5,5256.5,buy,4.0,8.0,14.5,Mark 55->Mark 14,med,0.2953846153846154,3.7046153846153844
285400,Mark 14,Mark 38,HYDROGEL_PACK,XIRECS,9965.0,5,1,9973.0,9965,9981,16,9973.0,sell,5.0,-7.0,-21.0,Mark 14->Mark 38,wide,0.06781376518218624,4.932186234817814
286300,Mark 55,Mark 01,VELVETFRUIT_EXTRACT,XIRECS,5266.0,6,1,5263.0,5260,5266,6,5263.0,buy,2.5,2.5,11.5,Mark 55->Mark 01,med,-0.0020491803278688526,2.502049180327869
286600,Mark 38,Mark 14,VEV_4000,XIRECS,1277.0,2,1,1266.5,1256,1277,21,1266.5,buy,1.0,0.0,8.0,Mark 38->Mark 14,wide,0.14285714285714285,0.8571428571428572
288800,Mark 38,Mark 14,VEV_4000,XIRECS,1278.0,1,1,1267.5,1257,1278,21,1267.5,buy,-0.5,6.0,0.0,Mark 38->Mark 14,wide,0.14285714285714285,-0.6428571428571428
289100,Mark 55,Mark 14,VELVETFRUIT_EXTRACT,XIRECS,5271.0,5,1,5268.5,5266,5271,5,5268.5,buy,-0.5,5.0,0.0,Mark 55->Mark 14,med,0.2953846153846154,-0.7953846153846154
289200,Mark 67,Mark 49,VELVETFRUIT_EXTRACT,XIRECS,5266.0,11,1,5265.5,5265,5266,1,5265.5,buy,4.0,8.0,2.5,Mark 67->Mark 49,tight,1.875,2.125
290900,Mark 38,Mark 14,HYDROGEL_PACK,XIRECS,9965.0,3,1,9957.0,9949,9965,16,9957.0,buy,-3.0,3.0,-4.0,Mark 38->Mark 14,wide,-0.1782178217821782,-2.8217821782178216
291400,Mark 55,Mark 49,VELVETFRUIT_EXTRACT,XIRECS,5274.0,5,1,5273.0,5272,5274,2,5273.0,buy,-1.5,-2.0,-4.5,Mark 55->Mark 49,tight,1.0,-2.5
291800,Mark 67,Mark 22,VELVETFRUIT_EXTRACT,XIRECS,5270.0,5,1,5269.0,5268,5270,2,5269.0,buy,3.5,1.5,-0.5,Mark 67->Mark 22,tight,2.06,1.44
292400,Mark 55,Mark 01,VELVETFRUIT_EXTRACT,XIRECS,5275.0,8,1,5272.0,5269,5275,6,5272.0,buy,0.5,3.0,-2.5,Mark 55->Mark 01,med,-0.0020491803278688526,0.5020491803278688
292800,Mark 14,Mark 38,HYDROGEL_PACK,XIRECS,9951.0,6,1,9959.0,9951,9967,16,9959.0,sell,2.0,-8.0,-12.0,Mark 14->Mark 38,wide,0.06781376518218624,1.9321862348178138
295000,Mark 38,Mark 14,HYDROGEL_PACK,XIRECS,9959.0,5,1,9951.0,9943,9959,16,9951.0,buy,2.0,-1.0,8.0,Mark 38->Mark 14,wide,-0.1782178217821782,2.1782178217821784
296900,Mark 01,Mark 55,VELVETFRUIT_EXTRACT,XIRECS,5270.0,5,1,5273.0,5270,5276,6,5273.0,sell,-0.5,-4.5,-6.5,Mark 01->Mark 55,med,0.23694779116465864,-0.7369477911646587
297100,Mark 38,Mark 14,HYDROGEL_PACK,XIRECS,9958.0,3,1,9950.0,9942,9958,16,9950.0,buy,-1.0,3.0,10.0,Mark 38->Mark 14,wide,-0.1782178217821782,-0.8217821782178218
297400,Mark 55,Mark 14,VELVETFRUIT_EXTRACT,XIRECS,5275.0,4,1,5272.5,5270,5275,5,5272.5,buy,-1.5,-0.5,-1.0,Mark 55->Mark 14,med,0.2953846153846154,-1.7953846153846154
297500,Mark 14,Mark 38,VEV_4000,XIRECS,1262.0,1,1,1273.0,1262,1284,22,1273.0,sell,-2.5,-2.5,-0.5,Mark 14->Mark 38,wide,-0.15800865800865802,-2.341991341991342
301100,Mark 38,Mark 14,HYDROGEL_PACK,XIRECS,9966.0,3,1,9958.0,9950,9966,16,9958.0,buy,-4.5,-12.0,-29.0,Mark 38->Mark 14,wide,-0.1782178217821782,-4.321782178217822
301300,Mark 38,Mark 14,HYDROGEL_PACK,XIRECS,9967.0,2,1,9959.0,9951,9967,16,9959.0,buy,-11.0,-13.0,-27.5,Mark 38->Mark 14,wide,-0.1782178217821782,-10.821782178217822
302400,Mark 14,Mark 38,HYDROGEL_PACK,XIRECS,9936.0,6,1,9944.0,9936,9952,16,9944.0,sell,0.0,9.0,-14.0,Mark 14->Mark 38,wide,0.06781376518218624,-0.06781376518218624
304000,Mark 01,Mark 22,VEV_5400,XIRECS,19.0,3,1,20.0,19,21,2,20.0,sell,0.0,-0.5,-2.0,Mark 01->Mark 22,tight,-0.01730769230769231,0.01730769230769231
304000,Mark 01,Mark 22,VEV_5500,XIRECS,8.0,3,1,8.5,8,9,1,8.5,sell,0.0,0.0,-1.0,Mark 01->Mark 22,tight,-0.020202020202020204,0.020202020202020204
304000,Mark 01,Mark 22,VEV_6000,XIRECS,0.0,3,1,0.5,0,1,1,0.5,sell,0.0,0.0,0.0,Mark 01->Mark 22,tight,0.0,0.0
304000,Mark 01,Mark 22,VEV_6500,XIRECS,0.0,3,1,0.5,0,1,1,0.5,sell,0.0,0.0,0.0,Mark 01->Mark 22,tight,0.0,0.0
304200,Mark 14,Mark 38,HYDROGEL_PACK,XIRECS,9944.0,2,1,9952.0,9944,9960,16,9952.0,sell,7.0,5.0,-17.0,Mark 14->Mark 38,wide,0.06781376518218624,6.932186234817814
306500,Mark 38,Mark 14,HYDROGEL_PACK,XIRECS,9967.0,5,1,9959.0,9951,9967,16,9959.0,buy,2.0,-8.0,-27.0,Mark 38->Mark 14,wide,-0.1782178217821782,2.1782178217821784
307100,Mark 38,Mark 14,VEV_4000,XIRECS,1279.0,1,1,1268.5,1258,1279,21,1268.5,buy,2.5,-1.5,-22.0,Mark 38->Mark 14,wide,0.14285714285714285,2.357142857142857
307500,Mark 55,Mark 01,VELVETFRUIT_EXTRACT,XIRECS,5275.0,8,1,5272.5,5270,5275,5,5272.5,buy,-1.5,-7.0,-25.0,Mark 55->Mark 01,med,-0.0020491803278688526,-1.4979508196721312
308000,Mark 14,Mark 38,HYDROGEL_PACK,XIRECS,9943.0,3,1,9951.0,9943,9959,16,9951.0,sell,0.0,-15.0,-11.0,Mark 14->Mark 38,wide,0.06781376518218624,-0.06781376518218624
308100,Mark 14,Mark 38,HYDROGEL_PACK,XIRECS,9945.0,4,1,9953.0,9945,9961,16,9953.0,sell,-1.0,-18.0,-12.0,Mark 14->Mark 38,wide,0.06781376518218624,-1.0678137651821862
308100,Mark 67,Mark 22,VELVETFRUIT_EXTRACT,XIRECS,5271.0,6,1,5270.0,5269,5271,2,5270.0,buy,-0.5,-1.5,-22.5,Mark 67->Mark 22,tight,2.06,-2.56
309500,Mark 55,Mark 01,VELVETFRUIT_EXTRACT,XIRECS,5268.0,4,1,5265.5,5263,5268,5,5265.5,buy,2.0,-1.0,-18.5,Mark 55->Mark 01,med,-0.0020491803278688526,2.002049180327869
310100,Mark 14,Mark 22,VEV_5400,XIRECS,20.0,5,1,20.5,20,21,1,20.5,sell,-0.5,-1.0,-5.0,Mark 14->Mark 22,tight,-0.38461538461538464,-0.11538461538461536
310100,Mark 01,Mark 22,VEV_5500,XIRECS,8.0,5,1,9.0,8,10,2,9.0,sell,-0.5,-0.5,-2.5,Mark 01->Mark 22,tight,-0.020202020202020204,-0.4797979797979798
310100,Mark 01,Mark 22,VEV_6000,XIRECS,0.0,5,1,0.5,0,1,1,0.5,sell,0.0,0.0,0.0,Mark 01->Mark 22,tight,0.0,0.0
310100,Mark 01,Mark 22,VEV_6500,XIRECS,0.0,5,1,0.5,0,1,1,0.5,sell,0.0,0.0,0.0,Mark 01->Mark 22,tight,0.0,0.0
310500,Mark 67,Mark 49,VELVETFRUIT_EXTRACT,XIRECS,5266.0,11,1,5265.5,5265,5266,1,5265.5,buy,-1.0,-1.0,-20.5,Mark 67->Mark 49,tight,1.875,-2.875
310600,Mark 14,Mark 55,VELVETFRUIT_EXTRACT,XIRECS,5264.0,3,1,5266.5,5264,5269,5,5266.5,sell,-2.0,-2.5,-20.0,Mark 14->Mark 55,med,-0.13973063973063973,-1.8602693602693603
313000,Mark 55,Mark 01,VELVETFRUIT_EXTRACT,XIRECS,5267.0,5,1,5264.5,5262,5267,5,5264.5,buy,-3.0,-14.0,-11.0,Mark 55->Mark 01,med,-0.0020491803278688526,-2.997950819672131
314500,Mark 14,Mark 55,VELVETFRUIT_EXTRACT,XIRECS,5251.0,4,1,5253.5,5251,5256,5,5253.5,sell,-3.0,-6.0,-3.0,Mark 14->Mark 55,med,-0.13973063973063973,-2.8602693602693603
316200,Mark 38,Mark 14,HYDROGEL_PACK,XIRECS,9939.0,5,1,9931.0,9923,9939,16,9931.0,buy,-1.0,9.0,15.0,Mark 38->Mark 14,wide,-0.1782178217821782,-0.8217821782178218
317100,Mark 14,Mark 38,HYDROGEL_PACK,XIRECS,9929.0,4,1,9937.0,9929,9945,16,9937.0,sell,6.0,5.0,4.0,Mark 14->Mark 38,wide,0.06781376518218624,5.932186234817814
318300,Mark 38,Mark 14,HYDROGEL_PACK,XIRECS,9950.0,4,1,9942.0,9934,9950,16,9942.0,buy,-3.0,6.0,2.5,Mark 38->Mark 14,wide,-0.1782178217821782,-2.8217821782178216
318900,Mark 55,Mark 14,VELVETFRUIT_EXTRACT,XIRECS,5250.0,4,1,5247.5,5245,5250,5,5247.5,buy,1.0,1.0,1.0,Mark 55->Mark 14,med,0.2953846153846154,0.7046153846153846
321900,Mark 55,Mark 14,VELVETFRUIT_EXTRACT,XIRECS,5253.0,7,1,5250.5,5248,5253,5,5250.5,buy,3.0,1.0,-9.0,Mark 55->Mark 14,med,0.2953846153846154,2.7046153846153844
322000,Mark 01,Mark 22,VEV_5400,XIRECS,16.0,2,1,17.0,16,18,2,17.0,sell,0.0,0.0,-2.0,Mark 01->Mark 22,tight,-0.01730769230769231,0.01730769230769231
322000,Mark 01,Mark 22,VEV_5500,XIRECS,7.0,2,1,7.5,7,8,1,7.5,sell,0.0,0.0,-1.0,Mark 01->Mark 22,tight,-0.020202020202020204,0.020202020202020204
322000,Mark 01,Mark 22,VEV_6000,XIRECS,0.0,2,1,0.5,0,1,1,0.5,sell,0.0,0.0,0.0,Mark 01->Mark 22,tight,0.0,0.0
322000,Mark 01,Mark 22,VEV_6500,XIRECS,0.0,2,1,0.5,0,1,1,0.5,sell,0.0,0.0,0.0,Mark 01->Mark 22,tight,0.0,0.0
322600,Mark 14,Mark 22,VEV_5200,XIRECS,98.0,4,1,99.0,98,100,2,99.0,sell,0.5,-2.5,-7.5,Mark 14->Mark 22,tight,-0.24242424242424243,0.7424242424242424
322600,Mark 01,Mark 22,VEV_5500,XIRECS,7.0,4,1,7.5,7,8,1,7.5,sell,0.0,-0.5,-1.0,Mark 01->Mark 22,tight,-0.020202020202020204,0.020202020202020204
322600,Mark 01,Mark 22,VEV_6000,XIRECS,0.0,4,1,0.5,0,1,1,0.5,sell,0.0,0.0,0.0,Mark 01->Mark 22,tight,0.0,0.0
322600,Mark 01,Mark 22,VEV_6500,XIRECS,0.0,4,1,0.5,0,1,1,0.5,sell,0.0,0.0,0.0,Mark 01->Mark 22,tight,0.0,0.0
323300,Mark 38,Mark 14,HYDROGEL_PACK,XIRECS,9956.0,5,1,9948.0,9940,9956,16,9948.0,buy,-7.0,-6.5,1.0,Mark 38->Mark 14,wide,-0.1782178217821782,-6.821782178217822
323300,Mark 38,Mark 14,VEV_4000,XIRECS,1262.0,3,1,1251.5,1241,1262,21,1251.5,buy,1.0,-4.0,-11.0,Mark 38->Mark 14,wide,0.14285714285714285,0.8571428571428572
324100,Mark 55,Mark 14,VELVETFRUIT_EXTRACT,XIRECS,5254.0,7,1,5251.5,5249,5254,5,5251.5,buy,-2.0,0.0,-4.0,Mark 55->Mark 14,med,0.2953846153846154,-2.2953846153846156
324600,Mark 38,Mark 14,HYDROGEL_PACK,XIRECS,9946.0,6,1,9938.0,9930,9946,16,9938.0,buy,6.0,6.0,21.0,Mark 38->Mark 14,wide,-0.1782178217821782,6.178217821782178
325300,Mark 14,Mark 38,VEV_4000,XIRECS,1237.0,2,1,1247.5,1237,1258,21,1247.5,sell,3.0,5.0,0.0,Mark 14->Mark 38,wide,-0.15800865800865802,3.158008658008658
326300,Mark 38,Mark 14,VEV_4000,XIRECS,1261.0,1,1,1250.5,1240,1261,21,1250.5,buy,2.0,1.0,1.0,Mark 38->Mark 14,wide,0.14285714285714285,1.8571428571428572
327600,Mark 14,Mark 38,HYDROGEL_PACK,XIRECS,9928.0,5,1,9936.0,9928,9944,16,9936.0,sell,4.0,8.0,8.0,Mark 14->Mark 38,wide,0.06781376518218624,3.932186234817814
327700,Mark 38,Mark 14,HYDROGEL_PACK,XIRECS,9946.0,6,1,9938.0,9930,9946,16,9938.0,buy,5.0,8.0,3.0,Mark 38->Mark 14,wide,-0.1782178217821782,5.178217821782178
328000,Mark 14,Mark 38,VEV_4000,XIRECS,1243.0,1,1,1253.5,1243,1264,21,1253.5,sell,-2.0,-7.0,-1.0,Mark 14->Mark 38,wide,-0.15800865800865802,-1.841991341991342
328400,Mark 14,Mark 38,VEV_4000,XIRECS,1240.0,1,1,1250.5,1240,1261,21,1250.5,sell,-2.0,-6.0,-1.0,Mark 14->Mark 38,wide,-0.15800865800865802,-1.841991341991342
328500,Mark 14,Mark 55,VELVETFRUIT_EXTRACT,XIRECS,5249.0,4,1,5251.5,5249,5254,5,5251.5,sell,-2.0,-6.0,-3.0,Mark 14->Mark 55,med,-0.13973063973063973,-1.8602693602693603
331400,Mark 14,Mark 38,VEV_4000,XIRECS,1232.0,1,1,1242.5,1232,1253,21,1242.5,sell,-1.0,-1.0,7.0,Mark 14->Mark 38,wide,-0.15800865800865802,-0.841991341991342
333100,Mark 01,Mark 55,VELVETFRUIT_EXTRACT,XIRECS,5236.0,4,1,5238.5,5236,5241,5,5238.5,sell,6.0,11.0,12.0,Mark 01->Mark 55,med,0.23694779116465864,5.763052208835341
334900,Mark 14,Mark 38,VEV_4000,XIRECS,1237.0,1,1,1247.5,1237,1258,21,1247.5,sell,1.0,5.0,-2.0,Mark 14->Mark 38,wide,-0.15800865800865802,1.158008658008658
335300,Mark 14,Mark 38,HYDROGEL_PACK,XIRECS,9943.0,5,1,9951.0,9943,9959,16,9951.0,sell,-5.0,-6.0,3.0,Mark 14->Mark 38,wide,0.06781376518218624,-5.067813765182186
335300,Mark 01,Mark 55,VELVETFRUIT_EXTRACT,XIRECS,5245.0,3,1,5247.5,5245,5250,5,5247.5,sell,1.0,4.0,-2.0,Mark 01->Mark 55,med,0.23694779116465864,0.7630522088353413
335500,Mark 38,Mark 14,HYDROGEL_PACK,XIRECS,9961.0,4,1,9953.0,9945,9961,16,9953.0,buy,-7.0,-9.0,-2.0,Mark 38->Mark 14,wide,-0.1782178217821782,-6.821782178217822
338100,Mark 14,Mark 38,HYDROGEL_PACK,XIRECS,9931.0,3,1,9939.0,9931,9947,16,9939.0,sell,-3.0,4.0,29.0,Mark 14->Mark 38,wide,0.06781376518218624,-3.067813765182186
339500,Mark 14,Mark 38,HYDROGEL_PACK,XIRECS,9932.0,3,1,9940.0,9932,9948,16,9940.0,sell,1.0,7.0,29.0,Mark 14->Mark 38,wide,0.06781376518218624,0.9321862348178138
340100,Mark 38,Mark 14,VEV_4000,XIRECS,1260.0,2,1,1249.5,1239,1260,21,1249.5,buy,1.0,2.0,-1.0,Mark 38->Mark 14,wide,0.14285714285714285,0.8571428571428572
340500,Mark 67,Mark 49,VELVETFRUIT_EXTRACT,XIRECS,5249.0,9,1,5248.5,5248,5249,1,5248.5,buy,2.0,1.0,-2.0,Mark 67->Mark 49,tight,1.875,0.125
342000,Mark 14,Mark 55,VELVETFRUIT_EXTRACT,XIRECS,5249.0,6,1,5251.5,5249,5254,5,5251.5,sell,-2.0,-1.5,-7.0,Mark 14->Mark 55,med,-0.13973063973063973,-1.8602693602693603
342400,Mark 14,Mark 38,HYDROGEL_PACK,XIRECS,9944.0,5,1,9952.0,9944,9960,16,9952.0,sell,9.0,11.0,7.5,Mark 14->Mark 38,wide,0.06781376518218624,8.932186234817813
343100,Mark 38,Mark 14,HYDROGEL_PACK,XIRECS,9966.0,2,1,9958.0,9950,9966,16,9958.0,buy,0.0,-2.0,2.0,Mark 38->Mark 14,wide,-0.1782178217821782,0.1782178217821782
343400,Mark 67,Mark 49,VELVETFRUIT_EXTRACT,XIRECS,5251.0,13,1,5250.5,5250,5251,1,5250.5,buy,1.0,-5.0,-5.5,Mark 67->Mark 49,tight,1.875,-0.875
344000,Mark 14,Mark 38,HYDROGEL_PACK,XIRECS,9953.0,5,1,9961.0,9953,9969,16,9961.0,sell,1.0,-13.0,-8.0,Mark 14->Mark 38,wide,0.06781376518218624,0.9321862348178138
344200,Mark 55,Mark 01,VELVETFRUIT_EXTRACT,XIRECS,5253.0,4,1,5250.5,5248,5253,5,5250.5,buy,-3.0,-4.0,-7.0,Mark 55->Mark 01,med,-0.0020491803278688526,-2.997950819672131
345700,Mark 38,Mark 14,HYDROGEL_PACK,XIRECS,9957.0,6,1,9949.0,9941,9957,16,9949.0,buy,1.0,20.0,5.0,Mark 38->Mark 14,wide,-0.1782178217821782,1.1782178217821782
345700,Mark 14,Mark 55,VELVETFRUIT_EXTRACT,XIRECS,5245.0,7,1,5247.5,5245,5250,5,5247.5,sell,-1.0,0.0,-7.0,Mark 14->Mark 55,med,-0.13973063973063973,-0.8602693602693603
345900,Mark 38,Mark 14,HYDROGEL_PACK,XIRECS,9958.0,3,1,9950.0,9942,9958,16,9950.0,buy,7.0,15.5,4.0,Mark 38->Mark 14,wide,-0.1782178217821782,7.178217821782178
348500,Mark 14,Mark 38,HYDROGEL_PACK,XIRECS,9964.0,5,1,9972.0,9964,9980,16,9972.0,sell,1.0,-8.0,-20.0,Mark 14->Mark 38,wide,0.06781376518218624,0.9321862348178138
350300,Mark 01,Mark 22,VEV_5400,XIRECS,15.0,4,1,16.0,15,17,2,16.0,sell,-0.5,-0.5,0.5,Mark 01->Mark 22,tight,-0.01730769230769231,-0.4826923076923077
350300,Mark 01,Mark 22,VEV_5500,XIRECS,6.0,4,1,6.5,6,7,1,6.5,sell,0.0,0.0,0.5,Mark 01->Mark 22,tight,-0.020202020202020204,0.020202020202020204
350300,Mark 01,Mark 22,VEV_6000,XIRECS,0.0,4,1,0.5,0,1,1,0.5,sell,0.0,0.0,0.0,Mark 01->Mark 22,tight,0.0,0.0
350300,Mark 01,Mark 22,VEV_6500,XIRECS,0.0,4,1,0.5,0,1,1,0.5,sell,0.0,0.0,0.0,Mark 01->Mark 22,tight,0.0,0.0
350900,Mark 38,Mark 14,VEV_4000,XIRECS,1256.0,3,1,1245.5,1235,1256,21,1245.5,buy,-2.0,-1.0,3.0,Mark 38->Mark 14,wide,0.14285714285714285,-2.142857142857143
351000,Mark 38,Mark 14,HYDROGEL_PACK,XIRECS,9973.0,3,1,9965.0,9957,9973,16,9965.0,buy,-3.0,-6.0,-8.0,Mark 38->Mark 14,wide,-0.1782178217821782,-2.8217821782178216
356800,Mark 14,Mark 38,VEV_4000,XIRECS,1234.0,2,1,1244.5,1234,1255,21,1244.5,sell,-1.0,4.0,6.0,Mark 14->Mark 38,wide,-0.15800865800865802,-0.841991341991342
357100,Mark 38,Mark 14,HYDROGEL_PACK,XIRECS,9963.0,6,1,9955.0,9947,9963,16,9955.0,buy,1.0,-3.0,5.0,Mark 38->Mark 14,wide,-0.1782178217821782,1.1782178217821782
358100,Mark 14,Mark 55,VELVETFRUIT_EXTRACT,XIRECS,5245.0,6,1,5247.5,5245,5250,5,5247.5,sell,0.0,1.0,3.0,Mark 14->Mark 55,med,-0.13973063973063973,0.13973063973063973
358300,Mark 14,Mark 38,VEV_4000,XIRECS,1237.0,3,1,1247.5,1237,1258,21,1247.5,sell,1.0,1.0,2.0,Mark 14->Mark 38,wide,-0.15800865800865802,1.158008658008658
358500,Mark 38,Mark 14,HYDROGEL_PACK,XIRECS,9960.0,6,1,9952.0,9944,9960,16,9952.0,buy,-1.0,6.0,23.0,Mark 38->Mark 14,wide,-0.1782178217821782,-0.8217821782178218
360600,Mark 14,Mark 38,HYDROGEL_PACK,XIRECS,9951.0,2,1,9959.0,9951,9967,16,9959.0,sell,-1.0,11.0,10.0,Mark 14->Mark 38,wide,0.06781376518218624,-1.0678137651821862
362700,Mark 14,Mark 38,HYDROGEL_PACK,XIRECS,9961.0,3,1,9969.0,9961,9977,16,9969.0,sell,4.0,0.0,-12.0,Mark 14->Mark 38,wide,0.06781376518218624,3.932186234817814
363100,Mark 38,Mark 14,HYDROGEL_PACK,XIRECS,9983.0,4,1,9975.0,9967,9983,16,9975.0,buy,-8.0,-2.0,-15.0,Mark 38->Mark 14,wide,-0.1782178217821782,-7.821782178217822
364800,Mark 38,Mark 14,HYDROGEL_PACK,XIRECS,9978.0,5,1,9970.0,9962,9978,16,9970.0,buy,1.5,-8.0,-13.0,Mark 38->Mark 14,wide,-0.1782178217821782,1.6782178217821782
364900,Mark 14,Mark 55,VELVETFRUIT_EXTRACT,XIRECS,5251.0,7,1,5253.5,5251,5256,5,5253.5,sell,0.0,-2.0,-2.0,Mark 14->Mark 55,med,-0.13973063973063973,0.13973063973063973
365000,Mark 14,Mark 38,VEV_4000,XIRECS,1242.0,2,1,1252.5,1242,1263,21,1252.5,sell,1.0,-2.0,-1.0,Mark 14->Mark 38,wide,-0.15800865800865802,1.158008658008658
365600,Mark 14,Mark 55,VELVETFRUIT_EXTRACT,XIRECS,5250.0,8,1,5252.5,5250,5255,5,5252.5,sell,-3.5,-2.5,-3.0,Mark 14->Mark 55,med,-0.13973063973063973,-3.3602693602693603
367900,Mark 67,Mark 22,VELVETFRUIT_EXTRACT,XIRECS,5248.0,5,1,5247.0,5246,5248,2,5247.0,buy,5.0,4.5,1.5,Mark 67->Mark 22,tight,2.06,2.94
368500,Mark 38,Mark 14,HYDROGEL_PACK,XIRECS,9983.0,6,1,9975.0,9967,9983,16,9975.0,buy,-6.0,-7.0,-16.0,Mark 38->Mark 14,wide,-0.1782178217821782,-5.821782178217822
371400,Mark 14,Mark 38,HYDROGEL_PACK,XIRECS,9953.0,2,1,9961.0,9953,9969,16,9961.0,sell,5.0,1.0,-18.0,Mark 14->Mark 38,wide,0.06781376518218624,4.932186234817814
373400,Mark 38,Mark 14,HYDROGEL_PACK,XIRECS,9970.0,3,1,9962.0,9954,9970,16,9962.0,buy,1.0,-6.0,-27.0,Mark 38->Mark 14,wide,-0.1782178217821782,1.1782178217821782
373700,Mark 14,Mark 38,HYDROGEL_PACK,XIRECS,9954.0,5,1,9962.0,9954,9970,16,9962.0,sell,-1.0,-1.0,-22.5,Mark 14->Mark 38,wide,0.06781376518218624,-1.0678137651821862
374100,Mark 14,Mark 55,VELVETFRUIT_EXTRACT,XIRECS,5253.0,6,1,5255.5,5253,5258,5,5255.5,sell,-1.5,-8.0,-6.0,Mark 14->Mark 55,med,-0.13973063973063973,-1.3602693602693603
374400,Mark 14,Mark 55,VELVETFRUIT_EXTRACT,XIRECS,5253.0,4,1,5255.5,5253,5258,5,5255.5,sell,-4.0,-8.0,-7.0,Mark 14->Mark 55,med,-0.13973063973063973,-3.8602693602693603
374800,Mark 14,Mark 38,VEV_4000,XIRECS,1242.0,3,1,1252.5,1242,1263,21,1252.5,sell,-1.0,-6.0,-3.0,Mark 14->Mark 38,wide,-0.15800865800865802,-0.841991341991342
375100,Mark 14,Mark 38,HYDROGEL_PACK,XIRECS,9947.0,2,1,9955.0,9947,9963,16,9955.0,sell,6.0,10.0,-17.0,Mark 14->Mark 38,wide,0.06781376518218624,5.932186234817814
376300,Mark 14,Mark 38,VEV_4000,XIRECS,1236.0,2,1,1246.5,1236,1257,21,1246.5,sell,0.0,3.0,-2.0,Mark 14->Mark 38,wide,-0.15800865800865802,0.15800865800865802
376600,Mark 01,Mark 22,VEV_5300,XIRECS,46.0,5,1,47.0,46,48,2,47.0,sell,1.0,0.5,-0.5,Mark 01->Mark 22,tight,-0.15648854961832062,1.1564885496183206
376600,Mark 01,Mark 22,VEV_5400,XIRECS,15.0,5,1,15.5,15,16,1,15.5,sell,1.0,0.5,0.0,Mark 01->Mark 22,tight,-0.01730769230769231,1.0173076923076922
376600,Mark 01,Mark 22,VEV_5500,XIRECS,6.0,5,1,6.5,6,7,1,6.5,sell,0.5,0.0,0.0,Mark 01->Mark 22,tight,-0.020202020202020204,0.5202020202020202
376600,Mark 01,Mark 22,VEV_6000,XIRECS,0.0,5,1,0.5,0,1,1,0.5,sell,0.0,0.0,0.0,Mark 01->Mark 22,tight,0.0,0.0
376600,Mark 01,Mark 22,VEV_6500,XIRECS,0.0,5,1,0.5,0,1,1,0.5,sell,0.0,0.0,0.0,Mark 01->Mark 22,tight,0.0,0.0
377900,Mark 14,Mark 22,VEV_5300,XIRECS,47.0,2,1,48.0,47,49,2,48.0,sell,0.0,1.0,-1.5,Mark 14->Mark 22,tight,-0.41379310344827586,0.41379310344827586
377900,Mark 01,Mark 22,VEV_5500,XIRECS,6.0,2,1,6.5,6,7,1,6.5,sell,0.5,1.0,0.0,Mark 01->Mark 22,tight,-0.020202020202020204,0.5202020202020202
377900,Mark 01,Mark 22,VEV_6000,XIRECS,0.0,2,1,0.5,0,1,1,0.5,sell,0.0,0.0,0.0,Mark 01->Mark 22,tight,0.0,0.0
377900,Mark 01,Mark 22,VEV_6500,XIRECS,0.0,2,1,0.5,0,1,1,0.5,sell,0.0,0.0,0.0,Mark 01->Mark 22,tight,0.0,0.0
380100,Mark 38,Mark 14,HYDROGEL_PACK,XIRECS,9957.0,6,1,9949.0,9941,9957,16,9949.0,buy,-12.0,-14.0,-3.5,Mark 38->Mark 14,wide,-0.1782178217821782,-11.821782178217822
380700,Mark 38,Mark 14,HYDROGEL_PACK,XIRECS,9948.0,4,1,9940.0,9932,9948,16,9940.0,buy,2.0,-8.5,5.5,Mark 38->Mark 14,wide,-0.1782178217821782,2.1782178217821784
380900,Mark 01,Mark 55,VELVETFRUIT_EXTRACT,XIRECS,5250.0,8,1,5253.0,5250,5256,6,5253.0,sell,1.5,-2.5,-7.5,Mark 01->Mark 55,med,0.23694779116465864,1.2630522088353413
381700,Mark 55,Mark 14,VELVETFRUIT_EXTRACT,XIRECS,5255.0,8,1,5252.5,5250,5255,5,5252.5,buy,0.0,-4.0,-10.0,Mark 55->Mark 14,med,0.2953846153846154,-0.2953846153846154
383300,Mark 38,Mark 14,HYDROGEL_PACK,XIRECS,9945.0,5,1,9937.0,9929,9945,16,9937.0,buy,2.0,3.0,18.0,Mark 38->Mark 14,wide,-0.1782178217821782,2.1782178217821784
383600,Mark 38,Mark 14,HYDROGEL_PACK,XIRECS,9948.0,4,1,9940.0,9932,9948,16,9940.0,buy,1.0,-8.0,13.0,Mark 38->Mark 14,wide,-0.1782178217821782,1.1782178217821782
383700,Mark 14,Mark 55,VELVETFRUIT_EXTRACT,XIRECS,5246.0,7,1,5248.5,5246,5251,5,5248.5,sell,1.0,1.0,-5.0,Mark 14->Mark 55,med,-0.13973063973063973,1.1397306397306397
384200,Mark 14,Mark 38,VEV_4000,XIRECS,1239.0,1,1,1249.5,1239,1260,21,1249.5,sell,-2.0,-5.0,-4.0,Mark 14->Mark 38,wide,-0.15800865800865802,-1.841991341991342
384500,Mark 14,Mark 38,VEV_4000,XIRECS,1238.0,3,1,1248.5,1238,1259,21,1248.5,sell,0.0,-3.0,-8.5,Mark 14->Mark 38,wide,-0.15800865800865802,0.15800865800865802
385800,Mark 38,Mark 14,HYDROGEL_PACK,XIRECS,9943.0,6,1,9935.0,9927,9943,16,9935.0,buy,-1.0,6.0,9.0,Mark 38->Mark 14,wide,-0.1782178217821782,-0.8217821782178218
385900,Mark 14,Mark 55,VELVETFRUIT_EXTRACT,XIRECS,5245.0,3,1,5247.5,5245,5250,5,5247.5,sell,-2.5,-1.0,-4.0,Mark 14->Mark 55,med,-0.13973063973063973,-2.3602693602693603
386000,Mark 14,Mark 55,VELVETFRUIT_EXTRACT,XIRECS,5244.0,8,1,5246.5,5244,5249,5,5246.5,sell,-1.0,0.0,-3.0,Mark 14->Mark 55,med,-0.13973063973063973,-0.8602693602693603
386800,Mark 38,Mark 14,VEV_4000,XIRECS,1257.0,2,1,1246.5,1236,1257,21,1246.5,buy,0.0,-1.0,-5.0,Mark 38->Mark 14,wide,0.14285714285714285,-0.14285714285714285
390100,Mark 67,Mark 49,VELVETFRUIT_EXTRACT,XIRECS,5244.0,10,1,5243.0,5242,5244,2,5243.0,buy,1.5,1.5,-0.5,Mark 67->Mark 49,tight,1.875,-0.375
390800,Mark 14,Mark 38,VEV_4000,XIRECS,1233.0,3,1,1243.5,1233,1254,21,1243.5,sell,1.0,0.0,2.0,Mark 14->Mark 38,wide,-0.15800865800865802,1.158008658008658
392300,Mark 14,Mark 55,VELVETFRUIT_EXTRACT,XIRECS,5242.0,5,1,5244.5,5242,5247,5,5244.5,sell,-1.0,-5.0,-4.0,Mark 14->Mark 55,med,-0.13973063973063973,-0.8602693602693603
393000,Mark 01,Mark 55,VELVETFRUIT_EXTRACT,XIRECS,5242.0,4,1,5244.5,5242,5247,5,5244.5,sell,-0.5,-3.5,-1.0,Mark 01->Mark 55,med,0.23694779116465864,-0.7369477911646587
393900,Mark 01,Mark 55,VELVETFRUIT_EXTRACT,XIRECS,5241.0,6,1,5242.0,5241,5243,2,5242.0,sell,-3.0,1.5,1.5,Mark 01->Mark 55,tight,1.5,-4.5
394700,Mark 14,Mark 55,VELVETFRUIT_EXTRACT,XIRECS,5237.0,8,1,5239.5,5237,5242,5,5239.5,sell,0.0,3.0,4.0,Mark 14->Mark 55,med,-0.13973063973063973,0.13973063973063973
394800,Mark 14,Mark 38,HYDROGEL_PACK,XIRECS,9941.0,5,1,9949.0,9941,9957,16,9949.0,sell,-2.0,-2.0,-20.0,Mark 14->Mark 38,wide,0.06781376518218624,-2.067813765182186
396000,Mark 55,Mark 01,VELVETFRUIT_EXTRACT,XIRECS,5246.0,8,1,5243.5,5241,5246,5,5243.5,buy,-2.0,-3.0,-2.5,Mark 55->Mark 01,med,-0.0020491803278688526,-1.9979508196721312
396200,Mark 01,Mark 55,VELVETFRUIT_EXTRACT,XIRECS,5240.0,7,1,5242.5,5240,5245,5,5242.5,sell,0.0,-4.0,0.0,Mark 01->Mark 55,med,0.23694779116465864,-0.23694779116465864
396300,Mark 38,Mark 14,HYDROGEL_PACK,XIRECS,9956.0,4,1,9948.5,9941,9956,15,9948.5,buy,-1.5,-12.5,-10.5,Mark 38->Mark 14,wide,-0.1782178217821782,-1.3217821782178218
397800,Mark 38,Mark 14,HYDROGEL_PACK,XIRECS,9950.0,4,1,9942.0,9934,9950,16,9942.0,buy,-6.0,1.0,-8.0,Mark 38->Mark 14,wide,-0.1782178217821782,-5.821782178217822
398400,Mark 14,Mark 55,VELVETFRUIT_EXTRACT,XIRECS,5235.0,6,1,5237.5,5235,5240,5,5237.5,sell,1.0,6.0,1.0,Mark 14->Mark 55,med,-0.13973063973063973,1.1397306397306397
399700,Mark 01,Mark 22,VEV_5400,XIRECS,14.0,5,1,14.5,14,15,1,14.5,sell,0.0,1.0,-1.0,Mark 01->Mark 22,tight,-0.01730769230769231,0.01730769230769231
399700,Mark 01,Mark 22,VEV_5500,XIRECS,6.0,5,1,6.5,6,7,1,6.5,sell,0.0,0.0,-1.0,Mark 01->Mark 22,tight,-0.020202020202020204,0.020202020202020204
399700,Mark 01,Mark 22,VEV_6000,XIRECS,0.0,5,1,0.5,0,1,1,0.5,sell,0.0,0.0,0.0,Mark 01->Mark 22,tight,0.0,0.0
399700,Mark 01,Mark 22,VEV_6500,XIRECS,0.0,5,1,0.5,0,1,1,0.5,sell,0.0,0.0,0.0,Mark 01->Mark 22,tight,0.0,0.0
399900,Mark 14,Mark 38,VEV_4000,XIRECS,1231.0,1,1,1241.5,1231,1252,21,1241.5,sell,2.0,3.0,-7.0,Mark 14->Mark 38,wide,-0.15800865800865802,2.158008658008658
400100,Mark 14,Mark 55,VELVETFRUIT_EXTRACT,XIRECS,5240.0,8,1,5242.5,5240,5245,5,5242.5,sell,1.0,1.0,-6.0,Mark 14->Mark 55,med,-0.13973063973063973,1.1397306397306397
401900,Mark 01,Mark 55,VELVETFRUIT_EXTRACT,XIRECS,5242.0,8,1,5244.5,5242,5247,5,5244.5,sell,-2.0,-1.0,-11.0,Mark 01->Mark 55,med,0.23694779116465864,-2.2369477911646585
402400,Mark 14,Mark 55,VELVETFRUIT_EXTRACT,XIRECS,5240.0,6,1,5242.5,5240,5245,5,5242.5,sell,1.5,1.5,-7.0,Mark 14->Mark 55,med,-0.13973063973063973,1.6397306397306397
403500,Mark 01,Mark 55,VELVETFRUIT_EXTRACT,XIRECS,5239.0,8,1,5241.5,5239,5244,5,5241.5,sell,1.5,1.5,-6.5,Mark 01->Mark 55,med,0.23694779116465864,1.2630522088353413
403600,Mark 14,Mark 38,HYDROGEL_PACK,XIRECS,9922.0,6,1,9930.0,9922,9938,16,9930.0,sell,-2.0,0.0,20.0,Mark 14->Mark 38,wide,0.06781376518218624,-2.067813765182186
404200,Mark 55,Mark 14,VELVETFRUIT_EXTRACT,XIRECS,5247.0,4,1,5244.5,5242,5247,5,5244.5,buy,-1.0,-2.0,-8.5,Mark 55->Mark 14,med,0.2953846153846154,-1.2953846153846154
406400,Mark 55,Mark 14,VELVETFRUIT_EXTRACT,XIRECS,5246.0,5,1,5243.5,5241,5246,5,5243.5,buy,-0.5,-5.0,-10.0,Mark 55->Mark 14,med,0.2953846153846154,-0.7953846153846154
409300,Mark 14,Mark 38,HYDROGEL_PACK,XIRECS,9929.0,6,1,9937.0,9929,9945,16,9937.0,sell,6.0,5.0,10.0,Mark 14->Mark 38,wide,0.06781376518218624,5.932186234817814
410400,Mark 01,Mark 22,VEV_5400,XIRECS,13.0,3,1,13.5,13,14,1,13.5,sell,0.0,0.0,-1.0,Mark 01->Mark 22,tight,-0.01730769230769231,0.01730769230769231
410400,Mark 01,Mark 22,VEV_5500,XIRECS,5.0,3,1,5.5,5,6,1,5.5,sell,0.0,0.0,-0.5,Mark 01->Mark 22,tight,-0.020202020202020204,0.020202020202020204
410400,Mark 01,Mark 22,VEV_6000,XIRECS,0.0,3,1,0.5,0,1,1,0.5,sell,0.0,0.0,0.0,Mark 01->Mark 22,tight,0.0,0.0
410400,Mark 01,Mark 22,VEV_6500,XIRECS,0.0,3,1,0.5,0,1,1,0.5,sell,0.0,0.0,0.0,Mark 01->Mark 22,tight,0.0,0.0
410600,Mark 55,Mark 14,VELVETFRUIT_EXTRACT,XIRECS,5239.0,6,1,5236.5,5234,5239,5,5236.5,buy,-1.5,-1.0,-11.0,Mark 55->Mark 14,med,0.2953846153846154,-1.7953846153846154
411000,Mark 38,Mark 14,HYDROGEL_PACK,XIRECS,9951.0,4,1,9943.0,9935,9951,16,9943.0,buy,2.0,8.0,5.0,Mark 38->Mark 14,wide,-0.1782178217821782,2.1782178217821784
411200,Mark 55,Mark 01,VELVETFRUIT_EXTRACT,XIRECS,5236.0,7,1,5233.5,5231,5236,5,5233.5,buy,0.0,0.5,-6.0,Mark 55->Mark 01,med,-0.0020491803278688526,0.0020491803278688526
411300,Mark 55,Mark 01,VELVETFRUIT_EXTRACT,XIRECS,5236.0,7,1,5233.5,5231,5236,5,5233.5,buy,-1.0,0.0,-4.5,Mark 55->Mark 01,med,-0.0020491803278688526,-0.9979508196721312
411400,Mark 38,Mark 14,HYDROGEL_PACK,XIRECS,9952.0,3,1,9944.0,9936,9952,16,9944.0,buy,-2.0,3.0,11.0,Mark 38->Mark 14,wide,-0.1782178217821782,-1.8217821782178218
412300,Mark 38,Mark 14,HYDROGEL_PACK,XIRECS,9953.0,2,1,9945.0,9937,9953,16,9945.0,buy,5.0,5.0,9.0,Mark 38->Mark 14,wide,-0.1782178217821782,5.178217821782178
414000,Mark 38,Mark 14,HYDROGEL_PACK,XIRECS,9962.0,2,1,9954.0,9946,9962,16,9954.0,buy,1.0,0.0,1.0,Mark 38->Mark 14,wide,-0.1782178217821782,1.1782178217821782
414400,Mark 14,Mark 38,HYDROGEL_PACK,XIRECS,9945.0,3,1,9953.0,9945,9961,16,9953.0,sell,-4.0,1.0,-3.5,Mark 14->Mark 38,wide,0.06781376518218624,-4.067813765182186
414800,Mark 14,Mark 38,HYDROGEL_PACK,XIRECS,9940.0,3,1,9948.0,9940,9956,16,9948.0,sell,8.5,13.0,7.5,Mark 14->Mark 38,wide,0.06781376518218624,8.432186234817813
415700,Mark 55,Mark 14,VELVETFRUIT_EXTRACT,XIRECS,5234.0,3,1,5231.5,5229,5234,5,5231.5,buy,2.0,0.0,4.0,Mark 55->Mark 14,med,0.2953846153846154,1.7046153846153846
419700,Mark 38,Mark 14,VEV_4000,XIRECS,1241.0,1,1,1230.5,1220,1241,21,1230.5,buy,-3.0,-2.0,0.0,Mark 38->Mark 14,wide,0.14285714285714285,-3.142857142857143
419900,Mark 55,Mark 01,VELVETFRUIT_EXTRACT,XIRECS,5231.0,6,1,5228.5,5226,5231,5,5228.5,buy,-1.5,0.5,2.0,Mark 55->Mark 01,med,-0.0020491803278688526,-1.4979508196721312
421500,Mark 14,Mark 38,HYDROGEL_PACK,XIRECS,9946.0,3,1,9954.0,9946,9962,16,9954.0,sell,-3.0,2.0,-17.0,Mark 14->Mark 38,wide,0.06781376518218624,-3.067813765182186
424500,Mark 55,Mark 14,VELVETFRUIT_EXTRACT,XIRECS,5235.0,7,1,5232.5,5230,5235,5,5232.5,buy,2.0,2.0,-2.0,Mark 55->Mark 14,med,0.2953846153846154,1.7046153846153846
425400,Mark 38,Mark 14,VEV_4000,XIRECS,1246.0,1,1,1236.0,1226,1246,20,1236.0,buy,-2.0,-1.0,-2.0,Mark 38->Mark 14,wide,0.14285714285714285,-2.142857142857143
426800,Mark 14,Mark 55,VELVETFRUIT_EXTRACT,XIRECS,5232.0,8,1,5234.5,5232,5237,5,5234.5,sell,0.0,-3.5,0.5,Mark 14->Mark 55,med,-0.13973063973063973,0.13973063973063973
427000,Mark 14,Mark 38,HYDROGEL_PACK,XIRECS,9950.0,2,1,9958.0,9950,9966,16,9958.0,sell,-5.0,-16.0,-34.0,Mark 14->Mark 38,wide,0.06781376518218624,-5.067813765182186
427600,Mark 55,Mark 14,VELVETFRUIT_EXTRACT,XIRECS,5237.0,8,1,5234.5,5232,5237,5,5234.5,buy,-3.0,-4.0,-3.0,Mark 55->Mark 14,med,0.2953846153846154,-3.2953846153846156
428000,Mark 01,Mark 22,VEV_5400,XIRECS,13.0,2,1,13.5,13,14,1,13.5,sell,0.0,0.0,0.0,Mark 01->Mark 22,tight,-0.01730769230769231,0.01730769230769231
428000,Mark 01,Mark 22,VEV_5500,XIRECS,5.0,2,1,5.5,5,6,1,5.5,sell,-0.5,0.0,0.0,Mark 01->Mark 22,tight,-0.020202020202020204,-0.4797979797979798
428000,Mark 01,Mark 22,VEV_6000,XIRECS,0.0,2,1,0.5,0,1,1,0.5,sell,0.0,0.0,0.0,Mark 01->Mark 22,tight,0.0,0.0
428000,Mark 01,Mark 22,VEV_6500,XIRECS,0.0,2,1,0.5,0,1,1,0.5,sell,0.0,0.0,0.0,Mark 01->Mark 22,tight,0.0,0.0
430200,Mark 55,Mark 14,VELVETFRUIT_EXTRACT,XIRECS,5230.0,3,1,5227.5,5225,5230,5,5227.5,buy,0.0,2.0,7.0,Mark 55->Mark 14,med,0.2953846153846154,-0.2953846153846154
431000,Mark 55,Mark 01,VELVETFRUIT_EXTRACT,XIRECS,5233.0,5,1,5230.5,5228,5233,5,5230.5,buy,-1.5,1.0,5.0,Mark 55->Mark 01,med,-0.0020491803278688526,-1.4979508196721312
431700,Mark 55,Mark 14,VELVETFRUIT_EXTRACT,XIRECS,5233.0,4,1,5230.5,5228,5233,5,5230.5,buy,-1.0,1.0,2.0,Mark 55->Mark 14,med,0.2953846153846154,-1.2953846153846154
432100,Mark 55,Mark 14,VELVETFRUIT_EXTRACT,XIRECS,5234.0,3,1,5231.5,5229,5234,5,5231.5,buy,-2.5,-1.5,2.0,Mark 55->Mark 14,med,0.2953846153846154,-2.7953846153846156
435300,Mark 01,Mark 55,VELVETFRUIT_EXTRACT,XIRECS,5225.0,8,1,5227.5,5225,5230,5,5227.5,sell,4.0,5.5,17.0,Mark 01->Mark 55,med,0.23694779116465864,3.7630522088353415
436200,Mark 38,Mark 14,HYDROGEL_PACK,XIRECS,9935.0,5,1,9927.0,9919,9935,16,9927.0,buy,-1.0,-0.5,-5.0,Mark 38->Mark 14,wide,-0.1782178217821782,-0.8217821782178218
437100,Mark 38,Mark 22,VEV_4000,XIRECS,1233.0,1,1,1228.0,1223,1233,10,1228.0,buy,4.0,10.5,24.5,Mark 38->Mark 22,wide,4.75,-0.75
437100,Mark 38,Mark 22,VEV_4500,XIRECS,733.0,1,1,729.5,726,733,7,729.5,buy,2.5,9.0,22.5,Mark 38->Mark 22,wide,3.0,-0.5
437100,Mark 38,Mark 22,VEV_5000,XIRECS,238.0,1,1,237.0,236,238,2,237.0,buy,0.5,7.0,20.0,Mark 38->Mark 22,tight,0.75,-0.25
437100,Mark 38,Mark 22,VEV_5100,XIRECS,152.0,1,1,151.0,150,152,2,151.0,buy,0.0,5.5,17.0,Mark 38->Mark 22,tight,0.25,-0.25
437100,Mark 38,Mark 22,VEV_5200,XIRECS,87.0,1,1,86.5,86,87,1,86.5,buy,0.0,3.5,12.0,Mark 38->Mark 22,tight,0.25,-0.25
437100,Mark 38,Mark 22,VEV_5300,XIRECS,41.0,1,1,40.5,40,41,1,40.5,buy,0.5,2.5,8.0,Mark 38->Mark 22,tight,0.5,0.0
437100,Mark 01,Mark 22,VEV_5400,XIRECS,13.0,4,1,13.5,13,14,1,13.5,sell,0.0,1.0,3.0,Mark 01->Mark 22,tight,-0.01730769230769231,0.01730769230769231
437100,Mark 01,Mark 22,VEV_5500,XIRECS,5.0,4,1,5.5,5,6,1,5.5,sell,0.0,0.0,1.0,Mark 01->Mark 22,tight,-0.020202020202020204,0.020202020202020204
437100,Mark 01,Mark 22,VEV_6000,XIRECS,0.0,4,1,0.5,0,1,1,0.5,sell,0.0,0.0,0.0,Mark 01->Mark 22,tight,0.0,0.0
437100,Mark 01,Mark 22,VEV_6500,XIRECS,0.0,4,1,0.5,0,1,1,0.5,sell,0.0,0.0,0.0,Mark 01->Mark 22,tight,0.0,0.0
438000,Mark 01,Mark 55,VELVETFRUIT_EXTRACT,XIRECS,5230.0,7,1,5233.0,5230,5236,6,5233.0,sell,3.5,2.5,18.5,Mark 01->Mark 55,med,0.23694779116465864,3.2630522088353415
440300,Mark 38,Mark 14,HYDROGEL_PACK,XIRECS,9922.0,2,1,9914.0,9906,9922,16,9914.0,buy,2.0,5.0,26.0,Mark 38->Mark 14,wide,-0.1782178217821782,2.1782178217821784
441300,Mark 14,Mark 38,HYDROGEL_PACK,XIRECS,9902.0,2,1,9910.0,9902,9918,16,9910.0,sell,3.0,7.0,33.0,Mark 14->Mark 38,wide,0.06781376518218624,2.932186234817814
443600,Mark 14,Mark 38,HYDROGEL_PACK,XIRECS,9908.0,2,1,9916.0,9908,9924,16,9916.0,sell,3.0,0.0,21.0,Mark 14->Mark 38,wide,0.06781376518218624,2.932186234817814
444000,Mark 14,Mark 38,VEV_4000,XIRECS,1230.0,3,1,1240.5,1230,1251,21,1240.5,sell,1.0,7.0,10.0,Mark 14->Mark 38,wide,-0.15800865800865802,1.158008658008658
444300,Mark 01,Mark 55,VELVETFRUIT_EXTRACT,XIRECS,5238.0,7,1,5240.5,5238,5243,5,5240.5,sell,1.0,8.0,9.0,Mark 01->Mark 55,med,0.23694779116465864,0.7630522088353413
445900,Mark 55,Mark 14,VELVETFRUIT_EXTRACT,XIRECS,5249.0,4,1,5246.5,5244,5249,5,5246.5,buy,2.0,7.0,0.0,Mark 55->Mark 14,med,0.2953846153846154,1.7046153846153846
448100,Mark 55,Mark 01,VELVETFRUIT_EXTRACT,XIRECS,5254.0,3,1,5251.5,5249,5254,5,5251.5,buy,-1.5,-5.0,-7.5,Mark 55->Mark 01,med,-0.0020491803278688526,-1.4979508196721312
448700,Mark 14,Mark 38,VEV_4000,XIRECS,1238.0,3,1,1248.5,1238,1259,21,1248.5,sell,-3.0,0.0,-3.0,Mark 14->Mark 38,wide,-0.15800865800865802,-2.841991341991342
450000,Mark 14,Mark 38,HYDROGEL_PACK,XIRECS,9932.0,5,1,9940.0,9932,9948,16,9940.0,sell,2.0,-4.0,-16.0,Mark 14->Mark 38,wide,0.06781376518218624,1.9321862348178138
453500,Mark 01,Mark 55,VELVETFRUIT_EXTRACT,XIRECS,5245.0,8,1,5248.0,5245,5251,6,5248.0,sell,3.5,-2.0,3.5,Mark 01->Mark 55,med,0.23694779116465864,3.2630522088353415
453600,Mark 55,Mark 01,VELVETFRUIT_EXTRACT,XIRECS,5252.0,4,1,5249.5,5247,5252,5,5249.5,buy,0.0,-2.5,3.0,Mark 55->Mark 01,med,-0.0020491803278688526,0.0020491803278688526
454800,Mark 01,Mark 55,VELVETFRUIT_EXTRACT,XIRECS,5245.0,3,1,5248.0,5245,5251,6,5248.0,sell,-1.5,-5.5,5.0,Mark 01->Mark 55,med,0.23694779116465864,-1.7369477911646587
455200,Mark 01,Mark 55,VELVETFRUIT_EXTRACT,XIRECS,5244.0,6,1,5247.0,5244,5250,6,5247.0,sell,0.5,-4.5,3.5,Mark 01->Mark 55,med,0.23694779116465864,0.26305220883534136
455400,Mark 38,Mark 14,VEV_4000,XIRECS,1257.0,1,1,1246.5,1236,1257,21,1246.5,buy,0.0,-4.0,7.0,Mark 38->Mark 14,wide,0.14285714285714285,-0.14285714285714285
455700,Mark 01,Mark 22,VEV_5400,XIRECS,15.0,4,1,15.5,15,16,1,15.5,sell,0.0,-1.0,1.5,Mark 01->Mark 22,tight,-0.01730769230769231,0.01730769230769231
455700,Mark 01,Mark 22,VEV_5500,XIRECS,6.0,4,1,6.5,6,7,1,6.5,sell,0.0,-0.5,0.5,Mark 01->Mark 22,tight,-0.020202020202020204,0.020202020202020204
455700,Mark 01,Mark 22,VEV_6000,XIRECS,0.0,4,1,0.5,0,1,1,0.5,sell,0.0,0.0,0.0,Mark 01->Mark 22,tight,0.0,0.0
455700,Mark 01,Mark 22,VEV_6500,XIRECS,0.0,4,1,0.5,0,1,1,0.5,sell,0.0,0.0,0.0,Mark 01->Mark 22,tight,0.0,0.0
457700,Mark 14,Mark 38,HYDROGEL_PACK,XIRECS,9914.0,4,1,9922.0,9914,9930,16,9922.0,sell,0.0,7.5,12.0,Mark 14->Mark 38,wide,0.06781376518218624,-0.06781376518218624
458400,Mark 55,Mark 14,VELVETFRUIT_EXTRACT,XIRECS,5248.0,3,1,5245.5,5243,5248,5,5245.5,buy,0.5,5.0,4.0,Mark 55->Mark 14,med,0.2953846153846154,0.2046153846153846
459900,Mark 55,Mark 01,VELVETFRUIT_EXTRACT,XIRECS,5252.0,8,1,5249.5,5247,5252,5,5249.5,buy,1.0,6.0,2.0,Mark 55->Mark 01,med,-0.0020491803278688526,1.0020491803278688
459900,Mark 14,Mark 38,VEV_4000,XIRECS,1239.0,2,1,1249.5,1239,1260,21,1249.5,sell,-4.5,6.0,2.0,Mark 14->Mark 38,wide,-0.15800865800865802,-4.341991341991342
460400,Mark 01,Mark 22,VEV_5300,XIRECS,47.0,3,1,48.0,47,49,2,48.0,sell,1.0,2.0,1.5,Mark 01->Mark 22,tight,-0.15648854961832062,1.1564885496183206
460400,Mark 14,Mark 22,VEV_5400,XIRECS,16.0,3,1,16.5,16,17,1,16.5,sell,0.0,1.0,0.5,Mark 14->Mark 22,tight,-0.38461538461538464,0.38461538461538464
460400,Mark 01,Mark 22,VEV_5500,XIRECS,6.0,3,1,6.5,6,7,1,6.5,sell,0.0,1.0,0.5,Mark 01->Mark 22,tight,-0.020202020202020204,0.020202020202020204
460400,Mark 01,Mark 22,VEV_6000,XIRECS,0.0,3,1,0.5,0,1,1,0.5,sell,0.0,0.0,0.0,Mark 01->Mark 22,tight,0.0,0.0
460400,Mark 01,Mark 22,VEV_6500,XIRECS,0.0,3,1,0.5,0,1,1,0.5,sell,0.0,0.0,0.0,Mark 01->Mark 22,tight,0.0,0.0
460700,Mark 55,Mark 14,VELVETFRUIT_EXTRACT,XIRECS,5254.0,6,1,5251.5,5249,5254,5,5251.5,buy,0.5,4.0,2.5,Mark 55->Mark 14,med,0.2953846153846154,0.2046153846153846
462300,Mark 55,Mark 01,VELVETFRUIT_EXTRACT,XIRECS,5259.0,8,1,5256.0,5253,5259,6,5256.0,buy,0.5,-3.0,-4.5,Mark 55->Mark 01,med,-0.0020491803278688526,0.5020491803278688
462500,Mark 38,Mark 14,HYDROGEL_PACK,XIRECS,9932.0,2,1,9924.0,9916,9932,16,9924.0,buy,-2.0,-13.0,14.0,Mark 38->Mark 14,wide,-0.1782178217821782,-1.8217821782178218
464200,Mark 14,Mark 38,VEV_4000,XIRECS,1241.0,1,1,1251.5,1241,1262,21,1251.5,sell,2.0,3.0,4.0,Mark 14->Mark 38,wide,-0.15800865800865802,2.158008658008658
465300,Mark 55,Mark 14,VELVETFRUIT_EXTRACT,XIRECS,5255.0,8,1,5252.5,5250,5255,5,5252.5,buy,2.0,-2.0,1.0,Mark 55->Mark 14,med,0.2953846153846154,1.7046153846153846
468000,Mark 01,Mark 55,VELVETFRUIT_EXTRACT,XIRECS,5247.0,3,1,5249.5,5247,5252,5,5249.5,sell,1.0,4.5,6.0,Mark 01->Mark 55,med,0.23694779116465864,0.7630522088353413
469300,Mark 01,Mark 55,VELVETFRUIT_EXTRACT,XIRECS,5252.0,6,1,5254.5,5252,5257,5,5254.5,sell,-2.0,-7.0,-5.0,Mark 01->Mark 55,med,0.23694779116465864,-2.2369477911646585
469600,Mark 14,Mark 55,VELVETFRUIT_EXTRACT,XIRECS,5252.0,7,1,5254.5,5252,5257,5,5254.5,sell,0.0,-4.0,-5.0,Mark 14->Mark 55,med,-0.13973063973063973,0.13973063973063973
