timestamp,buyer,seller,symbol,currency,price,quantity,day,mid,bid1,ask1,spread,mid0,aggr,fwd_5,fwd_20,fwd_100,pair,regime,baseline,residual
4500,Mark 01,Mark 22,VEV_5400,XIRECS,18.0,2,1,18.5,18,19,1,18.5,sell,-0.5,-0.5,-3.5,Mark 01->Mark 22,tight,0.0038461538461538464,-3.503846153846154
4500,Mark 01,Mark 22,VEV_5500,XIRECS,8.0,2,1,8.5,8,9,1,8.5,sell,0.0,-0.5,-2.0,Mark 01->Mark 22,tight,-0.02356902356902357,-1.9764309764309764
4500,Mark 01,Mark 22,VEV_6000,XIRECS,0.0,2,1,0.5,0,1,1,0.5,sell,0.0,0.0,0.0,Mark 01->Mark 22,tight,0.0,0.0
4500,Mark 01,Mark 22,VEV_6500,XIRECS,0.0,2,1,0.5,0,1,1,0.5,sell,0.0,0.0,0.0,Mark 01->Mark 22,tight,0.0,0.0
5100,Mark 38,Mark 22,HYDROGEL_PACK,XIRECS,9960.0,4,1,9956.0,9952,9960,8,9956.0,buy,-4.0,-7.0,1.0,Mark 38->Mark 22,wide,-4.428571428571429,5.428571428571429
5300,Mark 38,Mark 14,VEV_4000,XIRECS,1264.0,2,1,1253.5,1243,1264,21,1253.5,buy,0.0,-7.0,-20.0,Mark 38->Mark 14,wide,-0.4064039408866995,-19.5935960591133
6100,Mark 55,Mark 01,VELVETFRUIT_EXTRACT,XIRECS,5255.0,3,1,5252.5,5250,5255,5,5252.5,buy,-2.0,-5.0,-21.0,Mark 55->Mark 01,med,-0.17418032786885246,-20.825819672131146
6200,Mark 38,Mark 14,HYDROGEL_PACK,XIRECS,9955.0,5,1,9947.0,9939,9955,16,9947.0,buy,-2.0,-2.0,9.0,Mark 38->Mark 14,wide,-0.49504950495049505,9.495049504950495
9400,Mark 55,Mark 49,VELVETFRUIT_EXTRACT,XIRECS,5244.0,8,1,5243.5,5243,5244,1,5243.5,buy,1.5,0.0,-15.0,Mark 55->Mark 49,tight,-2.5,-12.5
9600,Mark 01,Mark 22,VEV_5400,XIRECS,16.0,4,1,17.0,16,18,2,17.0,sell,-0.5,-1.0,-3.5,Mark 01->Mark 22,tight,0.0038461538461538464,-3.503846153846154
9600,Mark 01,Mark 22,VEV_5500,XIRECS,7.0,4,1,7.5,7,8,1,7.5,sell,0.0,0.0,-1.0,Mark 01->Mark 22,tight,-0.02356902356902357,-0.9764309764309764
9600,Mark 01,Mark 22,VEV_6000,XIRECS,0.0,4,1,0.5,0,1,1,0.5,sell,0.0,0.0,0.0,Mark 01->Mark 22,tight,0.0,0.0
9600,Mark 01,Mark 22,VEV_6500,XIRECS,0.0,4,1,0.5,0,1,1,0.5,sell,0.0,0.0,0.0,Mark 01->Mark 22,tight,0.0,0.0
10400,Mark 67,Mark 49,VELVETFRUIT_EXTRACT,XIRECS,5240.0,12,1,5239.5,5239,5240,1,5239.5,buy,4.0,2.0,-11.0,Mark 67->Mark 49,tight,1.9204545454545454,-12.920454545454545
11800,Mark 01,Mark 22,VEV_5500,XIRECS,7.0,4,1,7.5,7,8,1,7.5,sell,0.0,-1.0,-1.0,Mark 01->Mark 22,tight,-0.02356902356902357,-0.9764309764309764
11800,Mark 01,Mark 22,VEV_6000,XIRECS,0.0,4,1,0.5,0,1,1,0.5,sell,0.0,0.0,0.0,Mark 01->Mark 22,tight,0.0,0.0
11800,Mark 01,Mark 22,VEV_6500,XIRECS,0.0,4,1,0.5,0,1,1,0.5,sell,0.0,0.0,0.0,Mark 01->Mark 22,tight,0.0,0.0
14300,Mark 55,Mark 01,VELVETFRUIT_EXTRACT,XIRECS,5238.0,6,1,5235.5,5233,5238,5,5235.5,buy,-1.0,-5.5,-1.0,Mark 55->Mark 01,med,-0.17418032786885246,-0.8258196721311475
14800,Mark 01,Mark 55,VELVETFRUIT_EXTRACT,XIRECS,5232.0,6,1,5234.5,5232,5237,5,5234.5,sell,-1.0,-4.0,-1.0,Mark 01->Mark 55,med,-0.6847389558232931,-0.31526104417670686
14800,Mark 01,Mark 22,VEV_5300,XIRECS,42.0,4,1,43.0,42,44,2,43.0,sell,0.0,-1.0,0.0,Mark 01->Mark 22,tight,0.026717557251908396,-0.026717557251908396
14800,Mark 01,Mark 22,VEV_5400,XIRECS,14.0,4,1,15.0,14,16,2,15.0,sell,-0.5,-0.5,-0.5,Mark 01->Mark 22,tight,0.0038461538461538464,-0.5038461538461538
14800,Mark 01,Mark 22,VEV_5500,XIRECS,6.0,4,1,6.5,6,7,1,6.5,sell,0.0,0.0,0.0,Mark 01->Mark 22,tight,-0.02356902356902357,0.02356902356902357
14800,Mark 01,Mark 22,VEV_6000,XIRECS,0.0,4,1,0.5,0,1,1,0.5,sell,0.0,0.0,0.0,Mark 01->Mark 22,tight,0.0,0.0
14800,Mark 01,Mark 22,VEV_6500,XIRECS,0.0,4,1,0.5,0,1,1,0.5,sell,0.0,0.0,0.0,Mark 01->Mark 22,tight,0.0,0.0
15000,Mark 38,Mark 14,HYDROGEL_PACK,XIRECS,9966.0,4,1,9958.5,9951,9966,15,9958.5,buy,-1.5,-11.5,-6.5,Mark 38->Mark 14,wide,-0.49504950495049505,-6.0049504950495045
16700,Mark 14,Mark 38,VEV_4000,XIRECS,1221.0,2,1,1226.0,1221,1231,10,1226.0,sell,6.5,2.0,4.5,Mark 14->Mark 38,wide,-0.10606060606060606,4.606060606060606
16700,Mark 01,Mark 22,VEV_5300,XIRECS,41.0,2,1,42.0,41,43,2,42.0,sell,0.0,-1.0,-1.0,Mark 01->Mark 22,tight,0.026717557251908396,-1.0267175572519085
16700,Mark 01,Mark 22,VEV_5400,XIRECS,14.0,2,1,14.5,14,15,1,14.5,sell,0.0,-1.0,-0.5,Mark 01->Mark 22,tight,0.0038461538461538464,-0.5038461538461538
16700,Mark 01,Mark 22,VEV_5500,XIRECS,6.0,2,1,6.5,6,7,1,6.5,sell,0.0,-0.5,0.0,Mark 01->Mark 22,tight,-0.02356902356902357,0.02356902356902357
16700,Mark 01,Mark 22,VEV_6000,XIRECS,0.0,2,1,0.5,0,1,1,0.5,sell,0.0,0.0,0.0,Mark 01->Mark 22,tight,0.0,0.0
16700,Mark 01,Mark 22,VEV_6500,XIRECS,0.0,2,1,0.5,0,1,1,0.5,sell,0.0,0.0,0.0,Mark 01->Mark 22,tight,0.0,0.0
17300,Mark 14,Mark 38,VEV_4000,XIRECS,1221.0,1,1,1231.5,1221,1242,21,1231.5,sell,2.0,-3.0,4.0,Mark 14->Mark 38,wide,-0.10606060606060606,4.106060606060606
17400,Mark 67,Mark 22,VELVETFRUIT_EXTRACT,XIRECS,5230.0,8,1,5229.0,5228,5230,2,5229.0,buy,4.0,-0.5,7.5,Mark 67->Mark 22,tight,0.7266666666666667,6.773333333333333
17900,Mark 38,Mark 14,VEV_4000,XIRECS,1243.0,1,1,1233.0,1223,1243,20,1233.0,buy,-3.5,-6.5,4.5,Mark 38->Mark 14,wide,-0.4064039408866995,4.906403940886699
19300,Mark 14,Mark 55,VELVETFRUIT_EXTRACT,XIRECS,5226.0,5,1,5228.5,5226,5231,5,5228.5,sell,0.0,0.0,11.0,Mark 14->Mark 55,med,-1.3636363636363635,12.363636363636363
20200,Mark 14,Mark 55,VELVETFRUIT_EXTRACT,XIRECS,5224.0,5,1,5226.5,5224,5229,5,5226.5,sell,1.0,1.0,11.0,Mark 14->Mark 55,med,-1.3636363636363635,12.363636363636363
22800,Mark 14,Mark 38,HYDROGEL_PACK,XIRECS,9946.0,6,1,9954.0,9946,9962,16,9954.0,sell,-3.0,-1.0,2.0,Mark 14->Mark 38,wide,0.8927125506072875,1.1072874493927125
25700,Mark 38,Mark 14,VEV_4000,XIRECS,1241.0,3,1,1231.0,1221,1241,20,1231.0,buy,-0.5,7.5,3.0,Mark 38->Mark 14,wide,-0.4064039408866995,3.4064039408866993
29300,Mark 14,Mark 55,VELVETFRUIT_EXTRACT,XIRECS,5237.0,4,1,5239.5,5237,5242,5,5239.5,sell,2.0,-7.5,-5.0,Mark 14->Mark 55,med,-1.3636363636363635,-3.6363636363636367
30800,Mark 14,Mark 38,HYDROGEL_PACK,XIRECS,9940.0,2,1,9948.0,9940,9956,16,9948.0,sell,-1.0,8.0,-3.0,Mark 14->Mark 38,wide,0.8927125506072875,-3.8927125506072873
31400,Mark 38,Mark 14,HYDROGEL_PACK,XIRECS,9953.0,3,1,9945.0,9937,9953,16,9945.0,buy,0.5,10.0,-1.0,Mark 38->Mark 14,wide,-0.49504950495049505,-0.504950495049505
31700,Mark 55,Mark 01,VELVETFRUIT_EXTRACT,XIRECS,5237.0,4,1,5234.5,5232,5237,5,5234.5,buy,1.5,1.0,-6.5,Mark 55->Mark 01,med,-0.17418032786885246,-6.325819672131147
32000,Mark 14,Mark 38,HYDROGEL_PACK,XIRECS,9938.0,5,1,9946.0,9938,9954,16,9946.0,sell,6.0,5.0,5.0,Mark 14->Mark 38,wide,0.8927125506072875,4.107287449392713
32600,Mark 55,Mark 01,VELVETFRUIT_EXTRACT,XIRECS,5240.0,5,1,5237.5,5235,5240,5,5237.5,buy,2.5,-2.5,-7.0,Mark 55->Mark 01,med,-0.17418032786885246,-6.825819672131147
32800,Mark 67,Mark 22,VELVETFRUIT_EXTRACT,XIRECS,5238.0,7,1,5237.0,5236,5238,2,5237.0,buy,2.5,-1.5,-5.5,Mark 67->Mark 22,tight,0.7266666666666667,-6.226666666666667
33600,Mark 14,Mark 38,HYDROGEL_PACK,XIRECS,9948.0,6,1,9956.0,9948,9964,16,9956.0,sell,-6.0,-2.0,6.5,Mark 14->Mark 38,wide,0.8927125506072875,5.607287449392713
36200,Mark 38,Mark 14,VEV_4000,XIRECS,1244.0,3,1,1233.5,1223,1244,21,1233.5,buy,-0.5,-1.5,15.0,Mark 38->Mark 14,wide,-0.4064039408866995,15.4064039408867
36500,Mark 22,Mark 55,VELVETFRUIT_EXTRACT,XIRECS,5232.0,7,1,5233.5,5232,5235,3,5233.5,sell,-3.0,-2.0,13.0,Mark 22->Mark 55,med,0.8888888888888888,12.11111111111111
37400,Mark 14,Mark 38,HYDROGEL_PACK,XIRECS,9936.0,4,1,9944.0,9936,9952,16,9944.0,sell,7.0,-1.0,25.0,Mark 14->Mark 38,wide,0.8927125506072875,24.10728744939271
38500,Mark 01,Mark 22,VEV_5500,XIRECS,6.0,5,1,6.5,6,7,1,6.5,sell,0.0,0.0,1.0,Mark 01->Mark 22,tight,-0.02356902356902357,1.0235690235690236
38500,Mark 01,Mark 22,VEV_6000,XIRECS,0.0,5,1,0.5,0,1,1,0.5,sell,0.0,0.0,0.0,Mark 01->Mark 22,tight,0.0,0.0
38500,Mark 01,Mark 22,VEV_6500,XIRECS,0.0,5,1,0.5,0,1,1,0.5,sell,0.0,0.0,0.0,Mark 01->Mark 22,tight,0.0,0.0
38700,Mark 01,Mark 55,VELVETFRUIT_EXTRACT,XIRECS,5228.0,8,1,5231.0,5228,5234,6,5231.0,sell,3.5,1.0,14.5,Mark 01->Mark 55,med,-0.6847389558232931,15.184738955823294
39400,Mark 22,Mark 49,VELVETFRUIT_EXTRACT,XIRECS,5234.0,5,1,5232.5,5232,5233,1,5232.5,buy,2.0,-5.0,11.0,Mark 22->Mark 49,tight,7.166666666666667,3.833333333333333
39400,Mark 67,Mark 49,VELVETFRUIT_EXTRACT,XIRECS,5233.0,9,1,5232.5,5232,5233,1,5232.5,buy,2.0,-5.0,11.0,Mark 67->Mark 49,tight,1.9204545454545454,9.079545454545455
39800,Mark 01,Mark 55,VELVETFRUIT_EXTRACT,XIRECS,5232.0,4,1,5235.0,5232,5238,6,5235.0,sell,-2.0,-5.5,11.5,Mark 01->Mark 55,med,-0.6847389558232931,12.184738955823294
40400,Mark 01,Mark 22,VEV_5300,XIRECS,41.0,4,1,42.0,41,43,2,42.0,sell,0.0,-1.0,5.0,Mark 01->Mark 22,tight,0.026717557251908396,4.973282442748092
40400,Mark 01,Mark 22,VEV_5400,XIRECS,14.0,4,1,14.5,14,15,1,14.5,sell,-0.5,-0.5,2.0,Mark 01->Mark 22,tight,0.0038461538461538464,1.9961538461538462
40400,Mark 01,Mark 22,VEV_5500,XIRECS,6.0,4,1,6.5,6,7,1,6.5,sell,0.0,0.0,1.0,Mark 01->Mark 22,tight,-0.02356902356902357,1.0235690235690236
40400,Mark 01,Mark 22,VEV_6000,XIRECS,0.0,4,1,0.5,0,1,1,0.5,sell,0.0,0.0,0.0,Mark 01->Mark 22,tight,0.0,0.0
40400,Mark 01,Mark 22,VEV_6500,XIRECS,0.0,4,1,0.5,0,1,1,0.5,sell,0.0,0.0,0.0,Mark 01->Mark 22,tight,0.0,0.0
40900,Mark 38,Mark 14,HYDROGEL_PACK,XIRECS,9951.0,5,1,9943.0,9935,9951,16,9943.0,buy,1.0,10.0,36.0,Mark 38->Mark 14,wide,-0.49504950495049505,36.495049504950494
41300,Mark 38,Mark 14,HYDROGEL_PACK,XIRECS,9953.0,5,1,9945.0,9937,9953,16,9945.0,buy,1.0,14.0,31.0,Mark 38->Mark 14,wide,-0.49504950495049505,31.495049504950494
43400,Mark 01,Mark 22,VEV_5400,XIRECS,13.0,5,1,14.0,13,15,2,14.0,sell,0.5,2.0,1.5,Mark 01->Mark 22,tight,0.0038461538461538464,1.4961538461538462
43400,Mark 01,Mark 22,VEV_5500,XIRECS,6.0,5,1,6.5,6,7,1,6.5,sell,0.0,0.5,1.0,Mark 01->Mark 22,tight,-0.02356902356902357,1.0235690235690236
43400,Mark 01,Mark 22,VEV_6000,XIRECS,0.0,5,1,0.5,0,1,1,0.5,sell,0.0,0.0,0.0,Mark 01->Mark 22,tight,0.0,0.0
43400,Mark 01,Mark 22,VEV_6500,XIRECS,0.0,5,1,0.5,0,1,1,0.5,sell,0.0,0.0,0.0,Mark 01->Mark 22,tight,0.0,0.0
43600,Mark 01,Mark 55,VELVETFRUIT_EXTRACT,XIRECS,5229.0,4,1,5231.5,5229,5234,5,5231.5,sell,4.5,10.5,12.0,Mark 01->Mark 55,med,-0.6847389558232931,12.684738955823294
43900,Mark 14,Mark 38,HYDROGEL_PACK,XIRECS,9952.0,6,1,9960.0,9952,9968,16,9960.0,sell,7.0,9.0,6.0,Mark 14->Mark 38,wide,0.8927125506072875,5.107287449392713
45200,Mark 14,Mark 38,HYDROGEL_PACK,XIRECS,9961.0,2,1,9969.0,9961,9977,16,9969.0,sell,3.0,4.0,-23.0,Mark 14->Mark 38,wide,0.8927125506072875,-23.89271255060729
45400,Mark 67,Mark 22,VELVETFRUIT_EXTRACT,XIRECS,5241.0,8,1,5240.0,5239,5241,2,5240.0,buy,7.5,6.0,7.5,Mark 67->Mark 22,tight,0.7266666666666667,6.773333333333333
47700,Mark 01,Mark 55,VELVETFRUIT_EXTRACT,XIRECS,5243.0,4,1,5244.0,5243,5245,2,5244.0,sell,0.5,1.5,3.5,Mark 01->Mark 55,tight,0.5,3.0
48300,Mark 14,Mark 38,HYDROGEL_PACK,XIRECS,9960.0,3,1,9967.5,9960,9975,15,9967.5,sell,-1.5,12.5,-13.5,Mark 14->Mark 38,wide,0.8927125506072875,-14.392712550607287
48900,Mark 01,Mark 55,VELVETFRUIT_EXTRACT,XIRECS,5241.0,6,1,5243.5,5241,5246,5,5243.5,sell,0.0,-0.5,2.0,Mark 01->Mark 55,med,-0.6847389558232931,2.6847389558232932
49800,Mark 01,Mark 55,VELVETFRUIT_EXTRACT,XIRECS,5244.0,3,1,5246.5,5244,5249,5,5246.5,sell,-0.5,1.0,0.5,Mark 01->Mark 55,med,-0.6847389558232931,1.1847389558232932
50200,Mark 14,Mark 38,VEV_4000,XIRECS,1236.0,2,1,1246.5,1236,1257,21,1246.5,sell,-7.5,0.0,1.0,Mark 14->Mark 38,wide,-0.10606060606060606,1.106060606060606
50300,Mark 38,Mark 14,VEV_4000,XIRECS,1257.0,3,1,1246.5,1236,1257,21,1246.5,buy,-3.0,1.0,1.0,Mark 38->Mark 14,wide,-0.4064039408866995,1.4064039408866995
50700,Mark 01,Mark 22,VEV_5400,XIRECS,16.0,5,1,16.5,16,17,1,16.5,sell,0.0,0.5,0.0,Mark 01->Mark 22,tight,0.0038461538461538464,-0.0038461538461538464
50700,Mark 01,Mark 22,VEV_5500,XIRECS,7.0,5,1,7.5,7,8,1,7.5,sell,0.0,0.0,0.0,Mark 01->Mark 22,tight,-0.02356902356902357,0.02356902356902357
50700,Mark 01,Mark 22,VEV_6000,XIRECS,0.0,5,1,0.5,0,1,1,0.5,sell,0.0,0.0,0.0,Mark 01->Mark 22,tight,0.0,0.0
50700,Mark 01,Mark 22,VEV_6500,XIRECS,0.0,5,1,0.5,0,1,1,0.5,sell,0.0,0.0,0.0,Mark 01->Mark 22,tight,0.0,0.0
51700,Mark 14,Mark 55,VELVETFRUIT_EXTRACT,XIRECS,5243.0,4,1,5245.5,5243,5248,5,5245.5,sell,1.0,0.0,0.0,Mark 14->Mark 55,med,-1.3636363636363635,1.3636363636363635
52400,Mark 14,Mark 38,HYDROGEL_PACK,XIRECS,9961.0,5,1,9969.0,9961,9977,16,9969.0,sell,0.0,-15.0,-29.0,Mark 14->Mark 38,wide,0.8927125506072875,-29.89271255060729
52800,Mark 01,Mark 22,VEV_5400,XIRECS,16.0,3,1,16.5,16,17,1,16.5,sell,0.0,0.0,-0.5,Mark 01->Mark 22,tight,0.0038461538461538464,-0.5038461538461538
52800,Mark 01,Mark 22,VEV_5500,XIRECS,7.0,3,1,7.5,7,8,1,7.5,sell,0.0,0.0,0.0,Mark 01->Mark 22,tight,-0.02356902356902357,0.02356902356902357
52800,Mark 01,Mark 22,VEV_6000,XIRECS,0.0,3,1,0.5,0,1,1,0.5,sell,0.0,0.0,0.0,Mark 01->Mark 22,tight,0.0,0.0
52800,Mark 01,Mark 22,VEV_6500,XIRECS,0.0,3,1,0.5,0,1,1,0.5,sell,0.0,0.0,0.0,Mark 01->Mark 22,tight,0.0,0.0
53000,Mark 14,Mark 38,HYDROGEL_PACK,XIRECS,9961.0,4,1,9969.0,9961,9977,16,9969.0,sell,-1.0,-21.5,-26.5,Mark 14->Mark 38,wide,0.8927125506072875,-27.39271255060729
53400,Mark 14,Mark 22,VEV_5500,XIRECS,7.0,2,1,7.5,7,8,1,7.5,sell,0.0,0.0,0.0,Mark 14->Mark 22,tight,-0.5714285714285714,0.5714285714285714
53400,Mark 01,Mark 22,VEV_6000,XIRECS,0.0,2,1,0.5,0,1,1,0.5,sell,0.0,0.0,0.0,Mark 01->Mark 22,tight,0.0,0.0
53400,Mark 01,Mark 22,VEV_6500,XIRECS,0.0,2,1,0.5,0,1,1,0.5,sell,0.0,0.0,0.0,Mark 01->Mark 22,tight,0.0,0.0
53800,Mark 38,Mark 14,VEV_4000,XIRECS,1255.0,2,1,1244.5,1234,1255,21,1244.5,buy,-1.0,1.0,-2.0,Mark 38->Mark 14,wide,-0.4064039408866995,-1.5935960591133005
54400,Mark 14,Mark 38,VEV_4000,XIRECS,1234.0,3,1,1244.5,1234,1255,21,1244.5,sell,-1.0,1.0,0.0,Mark 14->Mark 38,wide,-0.10606060606060606,0.10606060606060606
57600,Mark 38,Mark 14,VEV_4000,XIRECS,1257.0,3,1,1246.5,1236,1257,21,1246.5,buy,2.0,0.0,0.0,Mark 38->Mark 14,wide,-0.4064039408866995,0.4064039408866995
59300,Mark 14,Mark 38,HYDROGEL_PACK,XIRECS,9949.0,4,1,9957.0,9949,9965,16,9957.0,sell,-2.0,-5.0,0.5,Mark 14->Mark 38,wide,0.8927125506072875,-0.3927125506072875
59600,Mark 14,Mark 55,VELVETFRUIT_EXTRACT,XIRECS,5244.0,4,1,5246.5,5244,5249,5,5246.5,sell,0.0,-1.0,-2.0,Mark 14->Mark 55,med,-1.3636363636363635,-0.6363636363636365
60300,Mark 14,Mark 55,VELVETFRUIT_EXTRACT,XIRECS,5245.0,5,1,5247.5,5245,5250,5,5247.5,sell,-1.0,-4.0,-5.0,Mark 14->Mark 55,med,-1.3636363636363635,-3.6363636363636367
61100,Mark 38,Mark 14,HYDROGEL_PACK,XIRECS,9961.0,2,1,9953.0,9945,9961,16,9953.0,buy,0.0,-11.0,10.0,Mark 38->Mark 14,wide,-0.49504950495049505,10.495049504950495
61400,Mark 38,Mark 14,HYDROGEL_PACK,XIRECS,9962.0,2,1,9954.0,9946,9962,16,9954.0,buy,-6.0,-17.0,7.0,Mark 38->Mark 14,wide,-0.49504950495049505,7.4950495049504955
62100,Mark 14,Mark 55,VELVETFRUIT_EXTRACT,XIRECS,5243.0,6,1,5245.5,5243,5248,5,5245.5,sell,-2.0,-4.0,-2.0,Mark 14->Mark 55,med,-1.3636363636363635,-0.6363636363636365
62600,Mark 38,Mark 14,VEV_4000,XIRECS,1254.0,1,1,1243.5,1233,1254,21,1243.5,buy,-1.5,-1.0,-5.0,Mark 38->Mark 14,wide,-0.4064039408866995,-4.593596059113301
63100,Mark 38,Mark 14,VEV_4000,XIRECS,1252.0,3,1,1242.0,1232,1252,20,1242.0,buy,3.5,2.5,-3.5,Mark 38->Mark 14,wide,-0.4064039408866995,-3.0935960591133007
63200,Mark 38,Mark 14,HYDROGEL_PACK,XIRECS,9950.0,5,1,9942.0,9934,9950,16,9942.0,buy,-5.0,-5.0,29.0,Mark 38->Mark 14,wide,-0.49504950495049505,29.495049504950494
63200,Mark 14,Mark 55,VELVETFRUIT_EXTRACT,XIRECS,5240.0,8,1,5242.5,5240,5245,5,5242.5,sell,1.0,2.0,-5.0,Mark 14->Mark 55,med,-1.3636363636363635,-3.6363636363636367
64200,Mark 55,Mark 14,VELVETFRUIT_EXTRACT,XIRECS,5245.0,6,1,5242.5,5240,5245,5,5242.5,buy,1.0,-0.5,-5.5,Mark 55->Mark 14,med,1.0815384615384616,-6.581538461538462
64300,Mark 14,Mark 38,HYDROGEL_PACK,XIRECS,9933.0,4,1,9941.0,9933,9949,16,9941.0,sell,-4.0,10.0,42.0,Mark 14->Mark 38,wide,0.8927125506072875,41.107287449392715
65400,Mark 14,Mark 38,HYDROGEL_PACK,XIRECS,9930.0,4,1,9938.0,9930,9946,16,9938.0,sell,4.5,18.0,45.0,Mark 14->Mark 38,wide,0.8927125506072875,44.107287449392715
65700,Mark 14,Mark 55,VELVETFRUIT_EXTRACT,XIRECS,5240.0,8,1,5242.5,5240,5245,5,5242.5,sell,-0.5,6.0,-5.0,Mark 14->Mark 55,med,-1.3636363636363635,-3.6363636363636367
65900,Mark 14,Mark 38,HYDROGEL_PACK,XIRECS,9935.0,2,1,9942.5,9935,9950,15,9942.5,sell,6.0,15.5,40.5,Mark 14->Mark 38,wide,0.8927125506072875,39.607287449392715
67700,Mark 55,Mark 14,VELVETFRUIT_EXTRACT,XIRECS,5250.0,4,1,5248.5,5247,5250,3,5248.5,buy,-2.0,-4.0,-11.0,Mark 55->Mark 14,med,1.0815384615384616,-12.081538461538461
68000,Mark 38,Mark 14,VEV_4000,XIRECS,1258.0,2,1,1247.5,1237,1258,21,1247.5,buy,-1.0,-4.0,-9.0,Mark 38->Mark 14,wide,-0.4064039408866995,-8.5935960591133
69500,Mark 14,Mark 38,HYDROGEL_PACK,XIRECS,9952.0,2,1,9959.5,9952,9967,15,9959.5,sell,-2.5,5.5,23.5,Mark 14->Mark 38,wide,0.8927125506072875,22.60728744939271
70500,Mark 14,Mark 38,VEV_4000,XIRECS,1232.0,1,1,1242.0,1232,1252,20,1242.0,sell,-0.5,-3.0,-4.5,Mark 14->Mark 38,wide,-0.10606060606060606,-4.393939393939394
73400,Mark 22,Mark 49,VELVETFRUIT_EXTRACT,XIRECS,5237.0,8,1,5235.5,5235,5236,1,5235.5,buy,0.0,4.0,0.0,Mark 22->Mark 49,tight,7.166666666666667,-7.166666666666667
73400,Mark 55,Mark 49,VELVETFRUIT_EXTRACT,XIRECS,5236.0,6,1,5235.5,5235,5236,1,5235.5,buy,0.0,4.0,0.0,Mark 55->Mark 49,tight,-2.5,2.5
73500,Mark 14,Mark 38,HYDROGEL_PACK,XIRECS,9966.0,3,1,9974.0,9966,9982,16,9974.0,sell,6.0,6.0,1.0,Mark 14->Mark 38,wide,0.8927125506072875,0.10728744939271251
74100,Mark 01,Mark 22,VEV_5300,XIRECS,42.0,3,1,43.0,42,44,2,43.0,sell,1.0,1.0,-2.0,Mark 01->Mark 22,tight,0.026717557251908396,-2.0267175572519083
74100,Mark 01,Mark 22,VEV_5400,XIRECS,14.0,3,1,14.5,14,15,1,14.5,sell,1.0,1.0,-0.5,Mark 01->Mark 22,tight,0.0038461538461538464,-0.5038461538461538
74100,Mark 01,Mark 22,VEV_5500,XIRECS,6.0,3,1,6.5,6,7,1,6.5,sell,0.0,0.0,0.0,Mark 01->Mark 22,tight,-0.02356902356902357,0.02356902356902357
74100,Mark 01,Mark 22,VEV_6000,XIRECS,0.0,3,1,0.5,0,1,1,0.5,sell,0.0,0.0,0.0,Mark 01->Mark 22,tight,0.0,0.0
74100,Mark 01,Mark 22,VEV_6500,XIRECS,0.0,3,1,0.5,0,1,1,0.5,sell,0.0,0.0,0.0,Mark 01->Mark 22,tight,0.0,0.0
74300,Mark 55,Mark 14,VELVETFRUIT_EXTRACT,XIRECS,5238.0,6,1,5235.5,5233,5238,5,5235.5,buy,4.5,4.0,-3.0,Mark 55->Mark 14,med,1.0815384615384616,-4.081538461538462
74400,Mark 14,Mark 55,VELVETFRUIT_EXTRACT,XIRECS,5235.0,4,1,5237.5,5235,5240,5,5237.5,sell,2.0,0.0,-5.0,Mark 14->Mark 55,med,-1.3636363636363635,-3.6363636363636367
76600,Mark 38,Mark 14,HYDROGEL_PACK,XIRECS,9995.0,3,1,9987.0,9979,9995,16,9987.0,buy,4.0,3.0,-23.0,Mark 38->Mark 14,wide,-0.49504950495049505,-22.504950495049506
77300,Mark 55,Mark 14,VELVETFRUIT_EXTRACT,XIRECS,5241.0,8,1,5238.5,5236,5241,5,5238.5,buy,-2.0,1.0,1.0,Mark 55->Mark 14,med,1.0815384615384616,-0.08153846153846156
78300,Mark 14,Mark 38,VEV_4000,XIRECS,1229.0,3,1,1239.5,1229,1250,21,1239.5,sell,0.0,-2.0,1.0,Mark 14->Mark 38,wide,-0.10606060606060606,1.106060606060606
78400,Mark 67,Mark 22,VELVETFRUIT_EXTRACT,XIRECS,5238.0,7,1,5237.0,5236,5238,2,5237.0,buy,0.5,0.5,5.5,Mark 67->Mark 22,tight,0.7266666666666667,4.773333333333333
78500,Mark 38,Mark 14,HYDROGEL_PACK,XIRECS,10000.0,4,1,9992.0,9984,10000,16,9992.0,buy,-2.5,-11.0,-32.0,Mark 38->Mark 14,wide,-0.49504950495049505,-31.504950495049506
79000,Mark 14,Mark 38,HYDROGEL_PACK,XIRECS,9982.0,3,1,9989.5,9982,9997,15,9989.5,sell,-6.5,-7.5,-22.5,Mark 14->Mark 38,wide,0.8927125506072875,-23.39271255060729
79800,Mark 38,Mark 14,HYDROGEL_PACK,XIRECS,9994.0,6,1,9986.0,9978,9994,16,9986.0,buy,-6.0,-16.0,-21.0,Mark 38->Mark 14,wide,-0.49504950495049505,-20.504950495049506
81300,Mark 14,Mark 38,HYDROGEL_PACK,XIRECS,9970.0,6,1,9978.0,9970,9986,16,9978.0,sell,-8.0,-3.0,-20.0,Mark 14->Mark 38,wide,0.8927125506072875,-20.89271255060729
81700,Mark 38,Mark 14,HYDROGEL_PACK,XIRECS,9980.0,3,1,9972.0,9964,9980,16,9972.0,buy,-3.0,1.0,-14.0,Mark 38->Mark 14,wide,-0.49504950495049505,-13.504950495049505
81900,Mark 38,Mark 14,HYDROGEL_PACK,XIRECS,9978.0,2,1,9970.0,9962,9978,16,9970.0,buy,1.0,2.0,-11.0,Mark 38->Mark 14,wide,-0.49504950495049505,-10.504950495049505
82300,Mark 38,Mark 14,HYDROGEL_PACK,XIRECS,9977.0,3,1,9969.0,9961,9977,16,9969.0,buy,2.0,4.0,-5.0,Mark 38->Mark 14,wide,-0.49504950495049505,-4.5049504950495045
82300,Mark 01,Mark 55,VELVETFRUIT_EXTRACT,XIRECS,5235.0,3,1,5237.5,5235,5240,5,5237.5,sell,-2.0,-5.0,5.0,Mark 01->Mark 55,med,-0.6847389558232931,5.684738955823293
83200,Mark 55,Mark 01,VELVETFRUIT_EXTRACT,XIRECS,5237.0,7,1,5234.0,5231,5237,6,5234.0,buy,1.0,0.5,10.5,Mark 55->Mark 01,med,-0.17418032786885246,10.674180327868852
84300,Mark 38,Mark 14,VEV_4000,XIRECS,1243.0,1,1,1232.5,1222,1243,21,1232.5,buy,2.0,5.0,11.0,Mark 38->Mark 14,wide,-0.4064039408866995,11.4064039408867
84600,Mark 67,Mark 22,VELVETFRUIT_EXTRACT,XIRECS,5233.0,8,1,5232.0,5231,5233,2,5232.0,buy,4.5,4.5,12.5,Mark 67->Mark 22,tight,0.7266666666666667,11.773333333333333
85300,Mark 14,Mark 22,VEV_5300,XIRECS,42.0,2,1,43.0,42,44,2,43.0,sell,0.0,1.0,3.0,Mark 14->Mark 22,tight,0.6206896551724138,2.3793103448275863
85300,Mark 01,Mark 22,VEV_5400,XIRECS,14.0,2,1,14.5,14,15,1,14.5,sell,0.0,1.0,1.5,Mark 01->Mark 22,tight,0.0038461538461538464,1.4961538461538462
85300,Mark 01,Mark 22,VEV_5500,XIRECS,6.0,2,1,6.5,6,7,1,6.5,sell,0.0,0.0,0.5,Mark 01->Mark 22,tight,-0.02356902356902357,0.5235690235690236
85300,Mark 01,Mark 22,VEV_6000,XIRECS,0.0,2,1,0.5,0,1,1,0.5,sell,0.0,0.0,0.0,Mark 01->Mark 22,tight,0.0,0.0
85300,Mark 01,Mark 22,VEV_6500,XIRECS,0.0,2,1,0.5,0,1,1,0.5,sell,0.0,0.0,0.0,Mark 01->Mark 22,tight,0.0,0.0
86100,Mark 01,Mark 22,VEV_5400,XIRECS,14.0,5,1,15.0,14,16,2,15.0,sell,-0.5,0.5,0.5,Mark 01->Mark 22,tight,0.0038461538461538464,0.49615384615384617
86100,Mark 01,Mark 22,VEV_5500,XIRECS,6.0,5,1,6.5,6,7,1,6.5,sell,0.0,0.0,0.0,Mark 01->Mark 22,tight,-0.02356902356902357,0.02356902356902357
86100,Mark 01,Mark 22,VEV_6000,XIRECS,0.0,5,1,0.5,0,1,1,0.5,sell,0.0,0.0,0.0,Mark 01->Mark 22,tight,0.0,0.0
86100,Mark 01,Mark 22,VEV_6500,XIRECS,0.0,5,1,0.5,0,1,1,0.5,sell,0.0,0.0,0.0,Mark 01->Mark 22,tight,0.0,0.0
87900,Mark 14,Mark 55,VELVETFRUIT_EXTRACT,XIRECS,5239.0,3,1,5241.5,5239,5244,5,5241.5,sell,1.0,1.5,1.0,Mark 14->Mark 55,med,-1.3636363636363635,2.3636363636363633
88500,Mark 67,Mark 22,VELVETFRUIT_EXTRACT,XIRECS,5242.0,6,1,5241.0,5240,5242,2,5241.0,buy,2.0,3.5,4.5,Mark 67->Mark 22,tight,0.7266666666666667,3.7733333333333334
89300,Mark 14,Mark 38,VEV_4000,XIRECS,1232.0,3,1,1242.5,1232,1253,21,1242.5,sell,-4.5,-1.0,3.0,Mark 14->Mark 38,wide,-0.10606060606060606,3.106060606060606
89800,Mark 01,Mark 22,VEV_5300,XIRECS,45.0,4,1,46.0,45,47,2,46.0,sell,0.0,-1.0,1.0,Mark 01->Mark 22,tight,0.026717557251908396,0.9732824427480916
89800,Mark 01,Mark 22,VEV_5400,XIRECS,15.0,4,1,16.0,15,17,2,16.0,sell,0.0,-0.5,1.0,Mark 01->Mark 22,tight,0.0038461538461538464,0.9961538461538462
89800,Mark 01,Mark 22,VEV_6000,XIRECS,0.0,4,1,0.5,0,1,1,0.5,sell,0.0,0.0,0.0,Mark 01->Mark 22,tight,0.0,0.0
89800,Mark 01,Mark 22,VEV_6500,XIRECS,0.0,4,1,0.5,0,1,1,0.5,sell,0.0,0.0,0.0,Mark 01->Mark 22,tight,0.0,0.0
91100,Mark 55,Mark 14,VELVETFRUIT_EXTRACT,XIRECS,5244.0,6,1,5241.5,5239,5244,5,5241.5,buy,0.0,2.5,7.0,Mark 55->Mark 14,med,1.0815384615384616,5.918461538461538
92000,Mark 55,Mark 14,VELVETFRUIT_EXTRACT,XIRECS,5243.0,8,1,5240.5,5238,5243,5,5240.5,buy,3.0,5.0,3.5,Mark 55->Mark 14,med,1.0815384615384616,2.418461538461538
92100,Mark 14,Mark 38,HYDROGEL_PACK,XIRECS,9955.0,4,1,9963.0,9955,9971,16,9963.0,sell,3.0,7.0,-11.0,Mark 14->Mark 38,wide,0.8927125506072875,-11.892712550607287
92500,Mark 14,Mark 38,HYDROGEL_PACK,XIRECS,9956.0,2,1,9964.0,9956,9972,16,9964.0,sell,-1.0,0.0,-14.5,Mark 14->Mark 38,wide,0.8927125506072875,-15.392712550607287
93700,Mark 55,Mark 01,VELVETFRUIT_EXTRACT,XIRECS,5246.0,6,1,5243.5,5241,5246,5,5243.5,buy,2.0,-2.0,3.0,Mark 55->Mark 01,med,-0.17418032786885246,3.1741803278688523
93800,Mark 55,Mark 01,VELVETFRUIT_EXTRACT,XIRECS,5246.0,7,1,5243.5,5241,5246,5,5243.5,buy,0.0,-2.0,4.0,Mark 55->Mark 01,med,-0.17418032786885246,4.174180327868853
94400,Mark 38,Mark 14,HYDROGEL_PACK,XIRECS,9974.0,4,1,9966.0,9958,9974,16,9966.0,buy,0.0,-2.0,-12.0,Mark 38->Mark 14,wide,-0.49504950495049505,-11.504950495049505
97100,Mark 14,Mark 38,HYDROGEL_PACK,XIRECS,9950.0,2,1,9958.0,9950,9966,16,9958.0,sell,1.0,-6.0,2.0,Mark 14->Mark 38,wide,0.8927125506072875,1.1072874493927125
98600,Mark 38,Mark 14,HYDROGEL_PACK,XIRECS,9962.0,2,1,9954.0,9946,9962,16,9954.0,buy,-2.0,-1.5,10.0,Mark 38->Mark 14,wide,-0.49504950495049505,10.495049504950495
99000,Mark 38,Mark 14,HYDROGEL_PACK,XIRECS,9961.0,3,1,9953.0,9945,9961,16,9953.0,buy,-1.5,-9.0,11.0,Mark 38->Mark 14,wide,-0.49504950495049505,11.495049504950495
100500,Mark 55,Mark 14,VELVETFRUIT_EXTRACT,XIRECS,5248.0,4,1,5245.5,5243,5248,5,5245.5,buy,2.5,0.0,22.0,Mark 55->Mark 14,med,1.0815384615384616,20.91846153846154
101400,Mark 14,Mark 38,HYDROGEL_PACK,XIRECS,9936.0,5,1,9944.0,9936,9952,16,9944.0,sell,7.0,4.0,13.0,Mark 14->Mark 38,wide,0.8927125506072875,12.107287449392713
101500,Mark 14,Mark 38,HYDROGEL_PACK,XIRECS,9935.0,6,1,9943.0,9935,9951,16,9943.0,sell,8.0,5.0,14.0,Mark 14->Mark 38,wide,0.8927125506072875,13.107287449392713
102500,Mark 14,Mark 38,VEV_4000,XIRECS,1235.0,1,1,1245.5,1235,1256,21,1245.5,sell,2.0,4.0,17.5,Mark 14->Mark 38,wide,-0.10606060606060606,17.606060606060606
102800,Mark 14,Mark 38,VEV_4000,XIRECS,1236.0,1,1,1246.5,1236,1257,21,1246.5,sell,0.0,3.0,15.0,Mark 14->Mark 38,wide,-0.10606060606060606,15.106060606060606
103100,Mark 38,Mark 14,HYDROGEL_PACK,XIRECS,9952.0,4,1,9944.0,9936,9952,16,9944.0,buy,7.0,6.0,6.0,Mark 38->Mark 14,wide,-0.49504950495049505,6.4950495049504955
103500,Mark 14,Mark 38,HYDROGEL_PACK,XIRECS,9940.0,3,1,9948.0,9940,9956,16,9948.0,sell,5.0,-2.5,-1.0,Mark 14->Mark 38,wide,0.8927125506072875,-1.8927125506072875
104400,Mark 55,Mark 14,VELVETFRUIT_EXTRACT,XIRECS,5252.0,6,1,5249.5,5247,5252,5,5249.5,buy,1.0,9.5,16.0,Mark 55->Mark 14,med,1.0815384615384616,14.918461538461539
107100,Mark 14,Mark 38,HYDROGEL_PACK,XIRECS,9952.0,5,1,9960.0,9952,9968,16,9960.0,sell,0.0,5.0,-1.0,Mark 14->Mark 38,wide,0.8927125506072875,-1.8927125506072875
107900,Mark 55,Mark 01,VELVETFRUIT_EXTRACT,XIRECS,5267.0,3,1,5264.0,5261,5267,6,5264.0,buy,0.0,6.5,-6.5,Mark 55->Mark 01,med,-0.17418032786885246,-6.325819672131147
109000,Mark 67,Mark 49,VELVETFRUIT_EXTRACT,XIRECS,5265.0,12,1,5264.5,5264,5265,1,5264.5,buy,4.0,0.0,-7.0,Mark 67->Mark 49,tight,1.9204545454545454,-8.920454545454545
109100,Mark 14,Mark 38,HYDROGEL_PACK,XIRECS,9957.0,2,1,9965.0,9957,9973,16,9965.0,sell,1.0,-6.0,-13.0,Mark 14->Mark 38,wide,0.8927125506072875,-13.892712550607287
110100,Mark 01,Mark 55,VELVETFRUIT_EXTRACT,XIRECS,5265.0,4,1,5267.5,5265,5270,5,5267.5,sell,-1.0,-4.0,-9.0,Mark 01->Mark 55,med,-0.6847389558232931,-8.315261044176706
112000,Mark 14,Mark 55,VELVETFRUIT_EXTRACT,XIRECS,5260.0,3,1,5262.5,5260,5265,5,5262.5,sell,2.0,2.0,1.0,Mark 14->Mark 55,med,-1.3636363636363635,2.3636363636363633
112700,Mark 14,Mark 38,HYDROGEL_PACK,XIRECS,9948.0,2,1,9956.0,9948,9964,16,9956.0,sell,-6.0,-11.0,-9.0,Mark 14->Mark 38,wide,0.8927125506072875,-9.892712550607287
113900,Mark 38,Mark 14,HYDROGEL_PACK,XIRECS,9956.0,2,1,9948.0,9940,9956,16,9948.0,buy,0.0,-1.0,-6.0,Mark 38->Mark 14,wide,-0.49504950495049505,-5.5049504950495045
115500,Mark 14,Mark 38,HYDROGEL_PACK,XIRECS,9937.0,3,1,9945.0,9937,9953,16,9945.0,sell,4.0,24.0,1.0,Mark 14->Mark 38,wide,0.8927125506072875,0.10728744939271251
118800,Mark 14,Mark 55,VELVETFRUIT_EXTRACT,XIRECS,5257.0,3,1,5259.5,5257,5262,5,5259.5,sell,-1.5,1.0,5.0,Mark 14->Mark 55,med,-1.3636363636363635,6.363636363636363
119400,Mark 38,Mark 14,HYDROGEL_PACK,XIRECS,9962.0,3,1,9954.0,9946,9962,16,9954.0,buy,3.0,-0.5,5.0,Mark 38->Mark 14,wide,-0.49504950495049505,5.4950495049504955
120300,Mark 01,Mark 22,VEV_5400,XIRECS,18.0,4,1,18.5,18,19,1,18.5,sell,1.0,1.5,1.0,Mark 01->Mark 22,tight,0.0038461538461538464,0.9961538461538462
120300,Mark 01,Mark 22,VEV_5500,XIRECS,8.0,4,1,8.5,8,9,1,8.5,sell,0.0,0.0,0.0,Mark 01->Mark 22,tight,-0.02356902356902357,0.02356902356902357
120300,Mark 01,Mark 22,VEV_6000,XIRECS,0.0,4,1,0.5,0,1,1,0.5,sell,0.0,0.0,0.0,Mark 01->Mark 22,tight,0.0,0.0
120300,Mark 01,Mark 22,VEV_6500,XIRECS,0.0,4,1,0.5,0,1,1,0.5,sell,0.0,0.0,0.0,Mark 01->Mark 22,tight,0.0,0.0
120700,Mark 38,Mark 14,HYDROGEL_PACK,XIRECS,9958.0,2,1,9950.0,9942,9958,16,9950.0,buy,4.0,-3.0,5.5,Mark 38->Mark 14,wide,-0.49504950495049505,5.9950495049504955
123300,Mark 01,Mark 55,VELVETFRUIT_EXTRACT,XIRECS,5262.0,7,1,5264.5,5262,5267,5,5264.5,sell,0.0,-1.0,-0.5,Mark 01->Mark 55,med,-0.6847389558232931,0.18473895582329314
125600,Mark 55,Mark 14,VELVETFRUIT_EXTRACT,XIRECS,5265.0,3,1,5262.5,5260,5265,5,5262.5,buy,1.0,4.0,-2.0,Mark 55->Mark 14,med,1.0815384615384616,-3.081538461538462
126000,Mark 38,Mark 14,HYDROGEL_PACK,XIRECS,9953.0,4,1,9945.0,9937,9953,16,9945.0,buy,1.0,10.0,8.0,Mark 38->Mark 14,wide,-0.49504950495049505,8.495049504950495
127200,Mark 01,Mark 22,VEV_5500,XIRECS,8.0,3,1,8.5,8,9,1,8.5,sell,0.5,0.0,0.0,Mark 01->Mark 22,tight,-0.02356902356902357,0.02356902356902357
127200,Mark 01,Mark 22,VEV_6000,XIRECS,0.0,3,1,0.5,0,1,1,0.5,sell,0.0,0.0,0.0,Mark 01->Mark 22,tight,0.0,0.0
127200,Mark 01,Mark 22,VEV_6500,XIRECS,0.0,3,1,0.5,0,1,1,0.5,sell,0.0,0.0,0.0,Mark 01->Mark 22,tight,0.0,0.0
129100,Mark 38,Mark 14,VEV_4000,XIRECS,1275.0,3,1,1264.0,1253,1275,22,1264.0,buy,0.0,1.5,-6.5,Mark 38->Mark 14,wide,-0.4064039408866995,-6.093596059113301
129500,Mark 38,Mark 14,HYDROGEL_PACK,XIRECS,9967.0,6,1,9959.0,9951,9967,16,9959.0,buy,-2.0,-8.0,5.0,Mark 38->Mark 14,wide,-0.49504950495049505,5.4950495049504955
129800,Mark 14,Mark 38,HYDROGEL_PACK,XIRECS,9951.0,4,1,9959.0,9951,9967,16,9959.0,sell,-0.5,-8.0,9.0,Mark 14->Mark 38,wide,0.8927125506072875,8.107287449392713
130800,Mark 14,Mark 38,HYDROGEL_PACK,XIRECS,9946.0,5,1,9954.0,9946,9962,16,9954.0,sell,-5.0,6.5,7.0,Mark 14->Mark 38,wide,0.8927125506072875,6.107287449392713
131300,Mark 49,Mark 55,VELVETFRUIT_EXTRACT,XIRECS,5265.0,5,1,5266.5,5265,5268,3,5266.5,sell,-2.5,-2.5,-8.0,Mark 49->Mark 55,med,-6.666666666666667,-1.333333333333333
131800,Mark 01,Mark 55,VELVETFRUIT_EXTRACT,XIRECS,5261.0,5,1,5264.0,5261,5267,6,5264.0,sell,0.0,3.5,-4.5,Mark 01->Mark 55,med,-0.6847389558232931,-3.8152610441767068
132600,Mark 67,Mark 49,VELVETFRUIT_EXTRACT,XIRECS,5263.0,10,1,5262.0,5261,5263,2,5262.0,buy,1.5,-0.5,0.5,Mark 67->Mark 49,tight,1.9204545454545454,-1.4204545454545454
133100,Mark 14,Mark 38,VEV_4000,XIRECS,1253.0,3,1,1263.5,1253,1274,21,1263.5,sell,2.5,-1.5,1.5,Mark 14->Mark 38,wide,-0.10606060606060606,1.606060606060606
133700,Mark 14,Mark 38,HYDROGEL_PACK,XIRECS,9948.0,4,1,9956.0,9948,9964,16,9956.0,sell,-1.0,1.0,-2.0,Mark 14->Mark 38,wide,0.8927125506072875,-2.8927125506072873
134000,Mark 14,Mark 55,VELVETFRUIT_EXTRACT,XIRECS,5264.0,8,1,5266.5,5264,5269,5,5266.5,sell,-5.0,-4.0,-4.5,Mark 14->Mark 55,med,-1.3636363636363635,-3.1363636363636367
134500,Mark 14,Mark 38,HYDROGEL_PACK,XIRECS,9944.0,6,1,9952.0,9944,9960,16,9952.0,sell,4.0,-1.0,1.0,Mark 14->Mark 38,wide,0.8927125506072875,0.10728744939271251
135200,Mark 55,Mark 01,VELVETFRUIT_EXTRACT,XIRECS,5264.0,8,1,5261.0,5258,5264,6,5261.0,buy,0.0,-1.0,-0.5,Mark 55->Mark 01,med,-0.17418032786885246,-0.32581967213114754
135500,Mark 14,Mark 55,VELVETFRUIT_EXTRACT,XIRECS,5257.0,7,1,5259.5,5257,5262,5,5259.5,sell,3.0,0.0,2.0,Mark 14->Mark 55,med,-1.3636363636363635,3.3636363636363633
135900,Mark 01,Mark 22,VEV_5300,XIRECS,52.0,3,1,53.0,52,54,2,53.0,sell,0.0,-2.0,-0.5,Mark 01->Mark 22,tight,0.026717557251908396,-0.5267175572519084
135900,Mark 01,Mark 22,VEV_5400,XIRECS,19.0,3,1,20.0,19,21,2,20.0,sell,0.0,-1.0,-0.5,Mark 01->Mark 22,tight,0.0038461538461538464,-0.5038461538461538
135900,Mark 01,Mark 22,VEV_5500,XIRECS,8.0,3,1,8.5,8,9,1,8.5,sell,0.0,-0.5,0.0,Mark 01->Mark 22,tight,-0.02356902356902357,0.02356902356902357
135900,Mark 01,Mark 22,VEV_6000,XIRECS,0.0,3,1,0.5,0,1,1,0.5,sell,0.0,0.0,0.0,Mark 01->Mark 22,tight,0.0,0.0
135900,Mark 01,Mark 22,VEV_6500,XIRECS,0.0,3,1,0.5,0,1,1,0.5,sell,0.0,0.0,0.0,Mark 01->Mark 22,tight,0.0,0.0
137000,Mark 14,Mark 38,VEV_4000,XIRECS,1252.0,3,1,1262.5,1252,1273,21,1262.5,sell,-3.0,-4.0,2.5,Mark 14->Mark 38,wide,-0.10606060606060606,2.606060606060606
137300,Mark 14,Mark 38,VEV_4000,XIRECS,1251.0,3,1,1261.5,1251,1272,21,1261.5,sell,-3.0,-3.0,6.0,Mark 14->Mark 38,wide,-0.10606060606060606,6.106060606060606
137600,Mark 38,Mark 14,VEV_4000,XIRECS,1269.0,3,1,1258.5,1248,1269,21,1258.5,buy,-2.0,0.0,10.0,Mark 38->Mark 14,wide,-0.4064039408866995,10.4064039408867
137800,Mark 14,Mark 38,HYDROGEL_PACK,XIRECS,9942.0,3,1,9950.0,9942,9958,16,9950.0,sell,2.5,18.0,16.0,Mark 14->Mark 38,wide,0.8927125506072875,15.107287449392713
138000,Mark 01,Mark 55,VELVETFRUIT_EXTRACT,XIRECS,5254.0,7,1,5256.5,5254,5259,5,5256.5,sell,1.0,2.0,11.0,Mark 01->Mark 55,med,-0.6847389558232931,11.684738955823294
138100,Mark 38,Mark 14,HYDROGEL_PACK,XIRECS,9959.0,2,1,9951.0,9943,9959,16,9951.0,buy,12.0,14.0,12.0,Mark 38->Mark 14,wide,-0.49504950495049505,12.495049504950495
139700,Mark 67,Mark 22,VELVETFRUIT_EXTRACT,XIRECS,5257.0,8,1,5256.0,5255,5257,2,5256.0,buy,1.5,3.5,9.5,Mark 67->Mark 22,tight,0.7266666666666667,8.773333333333333
140000,Mark 55,Mark 14,VELVETFRUIT_EXTRACT,XIRECS,5261.0,5,1,5258.5,5256,5261,5,5258.5,buy,-3.0,1.0,8.5,Mark 55->Mark 14,med,1.0815384615384616,7.418461538461538
140100,Mark 55,Mark 14,VELVETFRUIT_EXTRACT,XIRECS,5260.0,4,1,5257.5,5255,5260,5,5257.5,buy,-2.0,2.0,8.5,Mark 55->Mark 14,med,1.0815384615384616,7.418461538461538
141000,Mark 55,Mark 14,VELVETFRUIT_EXTRACT,XIRECS,5260.0,4,1,5257.5,5255,5260,5,5257.5,buy,1.0,7.0,8.0,Mark 55->Mark 14,med,1.0815384615384616,6.918461538461538
142000,Mark 55,Mark 14,VELVETFRUIT_EXTRACT,XIRECS,5262.0,6,1,5259.5,5257,5262,5,5259.5,buy,3.0,2.5,-0.5,Mark 55->Mark 14,med,1.0815384615384616,-1.5815384615384616
144500,Mark 01,Mark 55,VELVETFRUIT_EXTRACT,XIRECS,5258.0,5,1,5260.5,5258,5263,5,5260.5,sell,0.5,3.0,-7.5,Mark 01->Mark 55,med,-0.6847389558232931,-6.815261044176707
145500,Mark 01,Mark 22,VEV_5400,XIRECS,19.0,2,1,19.5,19,20,1,19.5,sell,0.5,1.5,-2.5,Mark 01->Mark 22,tight,0.0038461538461538464,-2.503846153846154
145500,Mark 01,Mark 22,VEV_5500,XIRECS,8.0,2,1,8.5,8,9,1,8.5,sell,0.0,1.0,-1.0,Mark 01->Mark 22,tight,-0.02356902356902357,-0.9764309764309764
145500,Mark 01,Mark 22,VEV_6000,XIRECS,0.0,2,1,0.5,0,1,1,0.5,sell,0.0,0.0,0.0,Mark 01->Mark 22,tight,0.0,0.0
145500,Mark 01,Mark 22,VEV_6500,XIRECS,0.0,2,1,0.5,0,1,1,0.5,sell,0.0,0.0,0.0,Mark 01->Mark 22,tight,0.0,0.0
145600,Mark 38,Mark 14,HYDROGEL_PACK,XIRECS,9962.0,5,1,9954.0,9946,9962,16,9954.0,buy,3.0,10.0,5.0,Mark 38->Mark 14,wide,-0.49504950495049505,5.4950495049504955
146500,Mark 38,Mark 14,HYDROGEL_PACK,XIRECS,9963.0,6,1,9955.0,9947,9963,16,9955.0,buy,4.0,9.0,4.0,Mark 38->Mark 14,wide,-0.49504950495049505,4.4950495049504955
146700,Mark 14,Mark 55,VELVETFRUIT_EXTRACT,XIRECS,5260.0,7,1,5262.5,5260,5265,5,5262.5,sell,3.0,2.0,-15.0,Mark 14->Mark 55,med,-1.3636363636363635,-13.636363636363637
147900,Mark 14,Mark 38,VEV_4000,XIRECS,1256.0,1,1,1267.0,1256,1278,22,1267.0,sell,-2.5,-0.5,-11.5,Mark 14->Mark 38,wide,-0.10606060606060606,-11.393939393939394
148000,Mark 38,Mark 14,HYDROGEL_PACK,XIRECS,9972.0,3,1,9964.0,9956,9972,16,9964.0,buy,0.0,1.0,-9.0,Mark 38->Mark 14,wide,-0.49504950495049505,-8.504950495049505
148300,Mark 22,Mark 55,VELVETFRUIT_EXTRACT,XIRECS,5265.0,4,1,5266.5,5265,5268,3,5266.5,sell,-4.0,0.0,-10.0,Mark 22->Mark 55,med,0.8888888888888888,-10.88888888888889
150600,Mark 01,Mark 22,VEV_5300,XIRECS,53.0,2,1,54.0,53,55,2,54.0,sell,0.0,-4.0,-5.0,Mark 01->Mark 22,tight,0.026717557251908396,-5.026717557251908
150600,Mark 01,Mark 22,VEV_5400,XIRECS,20.0,2,1,20.5,20,21,1,20.5,sell,0.0,-2.0,-2.0,Mark 01->Mark 22,tight,0.0038461538461538464,-2.003846153846154
150600,Mark 01,Mark 22,VEV_5500,XIRECS,8.0,2,1,8.5,8,9,1,8.5,sell,0.0,-0.5,-1.0,Mark 01->Mark 22,tight,-0.02356902356902357,-0.9764309764309764
150600,Mark 01,Mark 22,VEV_6000,XIRECS,0.0,2,1,0.5,0,1,1,0.5,sell,0.0,0.0,0.0,Mark 01->Mark 22,tight,0.0,0.0
150600,Mark 01,Mark 22,VEV_6500,XIRECS,0.0,2,1,0.5,0,1,1,0.5,sell,0.0,0.0,0.0,Mark 01->Mark 22,tight,0.0,0.0
150700,Mark 55,Mark 01,VELVETFRUIT_EXTRACT,XIRECS,5268.0,7,1,5265.5,5263,5268,5,5265.5,buy,1.0,-8.5,-11.0,Mark 55->Mark 01,med,-0.17418032786885246,-10.825819672131148
151100,Mark 14,Mark 38,HYDROGEL_PACK,XIRECS,9945.0,4,1,9953.0,9945,9961,16,9953.0,sell,3.0,2.0,13.0,Mark 14->Mark 38,wide,0.8927125506072875,12.107287449392713
151200,Mark 14,Mark 38,HYDROGEL_PACK,XIRECS,9944.0,6,1,9952.0,9944,9960,16,9952.0,sell,0.0,5.0,11.5,Mark 14->Mark 38,wide,0.8927125506072875,10.607287449392713
151400,Mark 01,Mark 55,VELVETFRUIT_EXTRACT,XIRECS,5261.0,7,1,5263.5,5261,5266,5,5263.5,sell,-3.5,-7.0,-9.0,Mark 01->Mark 55,med,-0.6847389558232931,-8.315261044176706
152700,Mark 14,Mark 38,HYDROGEL_PACK,XIRECS,9944.0,5,1,9952.0,9944,9960,16,9952.0,sell,5.0,3.0,18.0,Mark 14->Mark 38,wide,0.8927125506072875,17.10728744939271
153000,Mark 01,Mark 22,VEV_5400,XIRECS,18.0,4,1,18.5,18,19,1,18.5,sell,0.0,-0.5,0.0,Mark 01->Mark 22,tight,0.0038461538461538464,-0.0038461538461538464
153000,Mark 01,Mark 22,VEV_5500,XIRECS,7.0,4,1,8.0,7,9,2,8.0,sell,-0.5,-0.5,-0.5,Mark 01->Mark 22,tight,-0.02356902356902357,-0.4764309764309764
153000,Mark 01,Mark 22,VEV_6000,XIRECS,0.0,4,1,0.5,0,1,1,0.5,sell,0.0,0.0,0.0,Mark 01->Mark 22,tight,0.0,0.0
153000,Mark 01,Mark 22,VEV_6500,XIRECS,0.0,4,1,0.5,0,1,1,0.5,sell,0.0,0.0,0.0,Mark 01->Mark 22,tight,0.0,0.0
154100,Mark 14,Mark 38,VEV_4000,XIRECS,1242.0,3,1,1252.5,1242,1263,21,1252.5,sell,1.0,-4.5,0.0,Mark 14->Mark 38,wide,-0.10606060606060606,0.10606060606060606
155900,Mark 38,Mark 14,HYDROGEL_PACK,XIRECS,9966.0,4,1,9958.5,9951,9966,15,9958.5,buy,-1.5,0.5,10.5,Mark 38->Mark 14,wide,-0.49504950495049505,10.995049504950495
156200,Mark 14,Mark 38,VEV_4000,XIRECS,1237.0,1,1,1247.5,1237,1258,21,1247.5,sell,0.0,8.0,3.0,Mark 14->Mark 38,wide,-0.10606060606060606,3.106060606060606
156400,Mark 14,Mark 38,HYDROGEL_PACK,XIRECS,9949.0,6,1,9957.0,9949,9965,16,9957.0,sell,5.0,-3.0,13.0,Mark 14->Mark 38,wide,0.8927125506072875,12.107287449392713
159900,Mark 14,Mark 38,HYDROGEL_PACK,XIRECS,9961.0,3,1,9969.0,9961,9977,16,9969.0,sell,-4.0,-8.0,-4.0,Mark 14->Mark 38,wide,0.8927125506072875,-4.892712550607287
161200,Mark 14,Mark 38,HYDROGEL_PACK,XIRECS,9956.0,6,1,9963.5,9956,9971,15,9963.5,sell,3.5,7.5,17.5,Mark 14->Mark 38,wide,0.8927125506072875,16.60728744939271
163300,Mark 67,Mark 22,VELVETFRUIT_EXTRACT,XIRECS,5254.0,10,1,5253.0,5252,5254,2,5253.0,buy,2.0,-1.5,-4.0,Mark 67->Mark 22,tight,0.7266666666666667,-4.726666666666667
164000,Mark 14,Mark 55,VELVETFRUIT_EXTRACT,XIRECS,5251.0,5,1,5253.5,5251,5256,5,5253.5,sell,-1.0,-3.0,-4.5,Mark 14->Mark 55,med,-1.3636363636363635,-3.1363636363636367
164300,Mark 38,Mark 14,HYDROGEL_PACK,XIRECS,9973.0,5,1,9965.0,9957,9973,16,9965.0,buy,6.0,4.0,12.0,Mark 38->Mark 14,wide,-0.49504950495049505,12.495049504950495
165500,Mark 49,Mark 55,VELVETFRUIT_EXTRACT,XIRECS,5250.0,4,1,5251.0,5250,5252,2,5251.0,sell,-0.5,1.5,-3.5,Mark 49->Mark 55,tight,-2.0,-1.5
167300,Mark 14,Mark 38,HYDROGEL_PACK,XIRECS,9957.0,3,1,9965.0,9957,9973,16,9965.0,sell,-5.0,1.0,33.0,Mark 14->Mark 38,wide,0.8927125506072875,32.107287449392715
167600,Mark 01,Mark 55,VELVETFRUIT_EXTRACT,XIRECS,5249.0,6,1,5252.0,5249,5255,6,5252.0,sell,1.5,2.5,-6.5,Mark 01->Mark 55,med,-0.6847389558232931,-5.815261044176707
167600,Mark 14,Mark 38,VEV_4000,XIRECS,1242.0,2,1,1252.5,1242,1263,21,1252.5,sell,1.0,2.0,-7.0,Mark 14->Mark 38,wide,-0.10606060606060606,-6.893939393939394
168400,Mark 14,Mark 55,VELVETFRUIT_EXTRACT,XIRECS,5248.0,3,1,5250.5,5248,5253,5,5250.5,sell,-1.0,-1.0,-1.0,Mark 14->Mark 55,med,-1.3636363636363635,0.36363636363636354
168500,Mark 38,Mark 14,VEV_4000,XIRECS,1261.0,2,1,1255.5,1250,1261,11,1255.5,buy,-5.0,-12.5,-7.0,Mark 38->Mark 14,wide,-0.4064039408866995,-6.593596059113301
168700,Mark 38,Mark 14,VEV_4000,XIRECS,1260.0,1,1,1249.5,1239,1260,21,1249.5,buy,1.0,0.0,-1.0,Mark 38->Mark 14,wide,-0.4064039408866995,-0.5935960591133005
170400,Mark 01,Mark 22,VEV_5400,XIRECS,17.0,5,1,17.5,17,18,1,17.5,sell,0.0,0.0,-0.5,Mark 01->Mark 22,tight,0.0038461538461538464,-0.5038461538461538
170400,Mark 01,Mark 22,VEV_5500,XIRECS,7.0,5,1,7.5,7,8,1,7.5,sell,0.0,0.0,0.0,Mark 01->Mark 22,tight,-0.02356902356902357,0.02356902356902357
170400,Mark 01,Mark 22,VEV_6000,XIRECS,0.0,5,1,0.5,0,1,1,0.5,sell,0.0,0.0,0.0,Mark 01->Mark 22,tight,0.0,0.0
170400,Mark 01,Mark 22,VEV_6500,XIRECS,0.0,5,1,0.5,0,1,1,0.5,sell,0.0,0.0,0.0,Mark 01->Mark 22,tight,0.0,0.0
170500,Mark 14,Mark 22,VEV_5300,XIRECS,46.0,3,1,47.0,46,48,2,47.0,sell,-1.0,0.0,-1.0,Mark 14->Mark 22,tight,0.6206896551724138,-1.6206896551724137
170500,Mark 01,Mark 22,VEV_5500,XIRECS,7.0,3,1,7.5,7,8,1,7.5,sell,0.0,0.0,0.0,Mark 01->Mark 22,tight,-0.02356902356902357,0.02356902356902357
170500,Mark 01,Mark 22,VEV_6000,XIRECS,0.0,3,1,0.5,0,1,1,0.5,sell,0.0,0.0,0.0,Mark 01->Mark 22,tight,0.0,0.0
170500,Mark 01,Mark 22,VEV_6500,XIRECS,0.0,3,1,0.5,0,1,1,0.5,sell,0.0,0.0,0.0,Mark 01->Mark 22,tight,0.0,0.0
170900,Mark 38,Mark 14,VEV_4000,XIRECS,1260.0,3,1,1249.5,1239,1260,21,1249.5,buy,2.0,-2.0,-2.0,Mark 38->Mark 14,wide,-0.4064039408866995,-1.5935960591133005
171400,Mark 38,Mark 14,HYDROGEL_PACK,XIRECS,9992.0,6,1,9984.0,9976,9992,16,9984.0,buy,-7.0,-13.0,25.0,Mark 38->Mark 14,wide,-0.49504950495049505,25.495049504950494
171700,Mark 01,Mark 55,VELVETFRUIT_EXTRACT,XIRECS,5248.0,7,1,5250.5,5248,5253,5,5250.5,sell,0.0,-2.0,-5.0,Mark 01->Mark 55,med,-0.6847389558232931,-4.315261044176707
172400,Mark 14,Mark 38,VEV_4000,XIRECS,1238.0,1,1,1248.5,1238,1259,21,1248.5,sell,-1.0,-4.0,-4.0,Mark 14->Mark 38,wide,-0.10606060606060606,-3.893939393939394
172500,Mark 01,Mark 22,VEV_5300,XIRECS,46.0,5,1,47.0,46,48,2,47.0,sell,-1.0,-2.0,-2.0,Mark 01->Mark 22,tight,0.026717557251908396,-2.0267175572519083
172500,Mark 01,Mark 22,VEV_5400,XIRECS,17.0,5,1,17.5,17,18,1,17.5,sell,-0.5,-1.0,-1.0,Mark 01->Mark 22,tight,0.0038461538461538464,-1.0038461538461538
172500,Mark 01,Mark 22,VEV_5500,XIRECS,7.0,5,1,7.5,7,8,1,7.5,sell,0.0,-0.5,-0.5,Mark 01->Mark 22,tight,-0.02356902356902357,-0.4764309764309764
172500,Mark 01,Mark 22,VEV_6000,XIRECS,0.0,5,1,0.5,0,1,1,0.5,sell,0.0,0.0,0.0,Mark 01->Mark 22,tight,0.0,0.0
172500,Mark 01,Mark 22,VEV_6500,XIRECS,0.0,5,1,0.5,0,1,1,0.5,sell,0.0,0.0,0.0,Mark 01->Mark 22,tight,0.0,0.0
174200,Mark 38,Mark 14,HYDROGEL_PACK,XIRECS,9988.0,5,1,9980.0,9972,9988,16,9980.0,buy,1.0,17.0,34.0,Mark 38->Mark 14,wide,-0.49504950495049505,34.495049504950494
174400,Mark 38,Mark 14,HYDROGEL_PACK,XIRECS,9991.0,6,1,9983.5,9976,9991,15,9983.5,buy,2.5,17.5,32.5,Mark 38->Mark 14,wide,-0.49504950495049505,32.995049504950494
178000,Mark 14,Mark 38,HYDROGEL_PACK,XIRECS,9988.0,3,1,9996.0,9988,10004,16,9996.0,sell,-2.0,6.0,30.0,Mark 14->Mark 38,wide,0.8927125506072875,29.10728744939271
179200,Mark 01,Mark 55,VELVETFRUIT_EXTRACT,XIRECS,5243.0,4,1,5245.5,5243,5248,5,5245.5,sell,2.0,1.0,-9.0,Mark 01->Mark 55,med,-0.6847389558232931,-8.315261044176706
180100,Mark 55,Mark 01,VELVETFRUIT_EXTRACT,XIRECS,5248.0,3,1,5245.5,5243,5248,5,5245.5,buy,3.0,-2.0,-7.0,Mark 55->Mark 01,med,-0.17418032786885246,-6.825819672131147
182100,Mark 14,Mark 38,HYDROGEL_PACK,XIRECS,10012.0,3,1,10020.0,10012,10028,16,10020.0,sell,-1.0,-7.0,2.0,Mark 14->Mark 38,wide,0.8927125506072875,1.1072874493927125
182800,Mark 14,Mark 38,HYDROGEL_PACK,XIRECS,10010.0,5,1,10018.0,10010,10026,16,10018.0,sell,-9.5,2.0,-3.0,Mark 14->Mark 38,wide,0.8927125506072875,-3.8927125506072873
184200,Mark 38,Mark 14,VEV_4000,XIRECS,1251.0,3,1,1240.5,1230,1251,21,1240.5,buy,1.0,-5.0,-4.0,Mark 38->Mark 14,wide,-0.4064039408866995,-3.5935960591133007
185800,Mark 38,Mark 14,HYDROGEL_PACK,XIRECS,10040.0,4,1,10032.0,10024,10040,16,10032.0,buy,-9.0,-6.0,-28.0,Mark 38->Mark 14,wide,-0.49504950495049505,-27.504950495049506
187400,Mark 55,Mark 01,VELVETFRUIT_EXTRACT,XIRECS,5235.0,8,1,5232.0,5229,5235,6,5232.0,buy,-0.5,6.5,5.5,Mark 55->Mark 01,med,-0.17418032786885246,5.674180327868853
187600,Mark 55,Mark 01,VELVETFRUIT_EXTRACT,XIRECS,5235.0,5,1,5232.0,5229,5235,6,5232.0,buy,-2.0,8.5,4.5,Mark 55->Mark 01,med,-0.17418032786885246,4.674180327868853
188400,Mark 14,Mark 38,HYDROGEL_PACK,XIRECS,10021.0,4,1,10029.0,10021,10037,16,10029.0,sell,-3.0,-3.0,-26.0,Mark 14->Mark 38,wide,0.8927125506072875,-26.89271255060729
188800,Mark 22,Mark 55,VELVETFRUIT_EXTRACT,XIRECS,5232.0,6,1,5233.5,5232,5235,3,5233.5,sell,4.0,4.0,8.0,Mark 22->Mark 55,med,0.8888888888888888,7.111111111111111
190100,Mark 01,Mark 22,VEV_5300,XIRECS,42.0,3,1,43.0,42,44,2,43.0,sell,-1.0,-1.0,0.0,Mark 01->Mark 22,tight,0.026717557251908396,-0.026717557251908396
190100,Mark 01,Mark 22,VEV_5400,XIRECS,15.0,3,1,15.5,15,16,1,15.5,sell,-0.5,-0.5,0.0,Mark 01->Mark 22,tight,0.0038461538461538464,-0.0038461538461538464
190100,Mark 01,Mark 22,VEV_5500,XIRECS,6.0,3,1,6.5,6,7,1,6.5,sell,0.0,0.0,0.0,Mark 01->Mark 22,tight,-0.02356902356902357,0.02356902356902357
190100,Mark 01,Mark 22,VEV_6000,XIRECS,0.0,3,1,0.5,0,1,1,0.5,sell,0.0,0.0,0.0,Mark 01->Mark 22,tight,0.0,0.0
190100,Mark 01,Mark 22,VEV_6500,XIRECS,0.0,3,1,0.5,0,1,1,0.5,sell,0.0,0.0,0.0,Mark 01->Mark 22,tight,0.0,0.0
190600,Mark 14,Mark 55,VELVETFRUIT_EXTRACT,XIRECS,5234.0,6,1,5236.5,5234,5239,5,5236.5,sell,3.0,-3.0,4.0,Mark 14->Mark 55,med,-1.3636363636363635,5.363636363636363
190700,Mark 55,Mark 14,VELVETFRUIT_EXTRACT,XIRECS,5239.0,3,1,5236.5,5234,5239,5,5236.5,buy,3.0,-3.0,5.0,Mark 55->Mark 14,med,1.0815384615384616,3.918461538461538
191100,Mark 14,Mark 55,VELVETFRUIT_EXTRACT,XIRECS,5237.0,8,1,5239.5,5237,5242,5,5239.5,sell,-2.0,-4.0,1.0,Mark 14->Mark 55,med,-1.3636363636363635,2.3636363636363633
192600,Mark 14,Mark 55,VELVETFRUIT_EXTRACT,XIRECS,5231.0,3,1,5233.5,5231,5236,5,5233.5,sell,2.0,2.0,10.0,Mark 14->Mark 55,med,-1.3636363636363635,11.363636363636363
192800,Mark 14,Mark 38,HYDROGEL_PACK,XIRECS,10007.0,5,1,10015.0,10007,10023,16,10015.0,sell,1.0,-8.0,10.0,Mark 14->Mark 38,wide,0.8927125506072875,9.107287449392713
193400,Mark 38,Mark 14,HYDROGEL_PACK,XIRECS,10026.0,4,1,10018.0,10010,10026,16,10018.0,buy,-3.0,-14.0,3.0,Mark 38->Mark 14,wide,-0.49504950495049505,3.495049504950495
194200,Mark 38,Mark 14,VEV_4000,XIRECS,1247.0,2,1,1236.5,1226,1247,21,1236.5,buy,-1.5,-1.0,6.0,Mark 38->Mark 14,wide,-0.4064039408866995,6.406403940886699
194400,Mark 14,Mark 55,VELVETFRUIT_EXTRACT,XIRECS,5234.0,5,1,5236.5,5234,5239,5,5236.5,sell,-3.0,-2.0,3.5,Mark 14->Mark 55,med,-1.3636363636363635,4.863636363636363
195200,Mark 55,Mark 14,VELVETFRUIT_EXTRACT,XIRECS,5236.0,3,1,5233.5,5231,5236,5,5233.5,buy,1.0,2.5,8.5,Mark 55->Mark 14,med,1.0815384615384616,7.418461538461538
195600,Mark 01,Mark 22,VEV_5300,XIRECS,41.0,3,1,42.0,41,43,2,42.0,sell,-1.0,1.0,4.0,Mark 01->Mark 22,tight,0.026717557251908396,3.9732824427480917
195600,Mark 01,Mark 22,VEV_5400,XIRECS,14.0,3,1,14.5,14,15,1,14.5,sell,0.0,1.0,2.0,Mark 01->Mark 22,tight,0.0038461538461538464,1.9961538461538462
195600,Mark 01,Mark 22,VEV_5500,XIRECS,6.0,3,1,6.5,6,7,1,6.5,sell,0.0,0.0,1.0,Mark 01->Mark 22,tight,-0.02356902356902357,1.0235690235690236
195600,Mark 01,Mark 22,VEV_6000,XIRECS,0.0,3,1,0.5,0,1,1,0.5,sell,0.0,0.0,0.0,Mark 01->Mark 22,tight,0.0,0.0
195600,Mark 01,Mark 22,VEV_6500,XIRECS,0.0,3,1,0.5,0,1,1,0.5,sell,0.0,0.0,0.0,Mark 01->Mark 22,tight,0.0,0.0
196100,Mark 55,Mark 14,VELVETFRUIT_EXTRACT,XIRECS,5236.0,5,1,5233.5,5231,5236,5,5233.5,buy,0.0,5.0,11.0,Mark 55->Mark 14,med,1.0815384615384616,9.918461538461539
196700,Mark 14,Mark 38,VEV_4000,XIRECS,1225.0,1,1,1235.5,1225,1246,21,1235.5,sell,0.5,6.0,9.0,Mark 14->Mark 38,wide,-0.10606060606060606,9.106060606060606
197600,Mark 67,Mark 49,VELVETFRUIT_EXTRACT,XIRECS,5237.0,9,1,5236.5,5236,5237,1,5236.5,buy,2.0,0.5,11.5,Mark 67->Mark 49,tight,1.9204545454545454,9.579545454545455
198900,Mark 55,Mark 14,VELVETFRUIT_EXTRACT,XIRECS,5243.0,5,1,5240.5,5238,5243,5,5240.5,buy,0.0,1.0,6.0,Mark 55->Mark 14,med,1.0815384615384616,4.918461538461538
199200,Mark 55,Mark 14,VELVETFRUIT_EXTRACT,XIRECS,5243.0,5,1,5240.5,5238,5243,5,5240.5,buy,-1.0,1.0,7.0,Mark 55->Mark 14,med,1.0815384615384616,5.918461538461538
199400,Mark 38,Mark 14,HYDROGEL_PACK,XIRECS,10029.0,3,1,10021.0,10013,10029,16,10021.0,buy,-5.0,-0.5,-7.0,Mark 38->Mark 14,wide,-0.49504950495049505,-6.5049504950495045
202300,Mark 38,Mark 14,VEV_4000,XIRECS,1252.0,3,1,1241.5,1231,1252,21,1241.5,buy,1.0,0.0,14.0,Mark 38->Mark 14,wide,-0.4064039408866995,14.4064039408867
202700,Mark 38,Mark 14,HYDROGEL_PACK,XIRECS,10033.0,5,1,10025.0,10017,10033,16,10025.0,buy,-3.0,-15.0,-26.0,Mark 38->Mark 14,wide,-0.49504950495049505,-25.504950495049506
203200,Mark 14,Mark 38,HYDROGEL_PACK,XIRECS,10014.0,6,1,10022.0,10014,10030,16,10022.0,sell,-3.0,-11.0,-22.0,Mark 14->Mark 38,wide,0.8927125506072875,-22.89271255060729
203700,Mark 55,Mark 14,VELVETFRUIT_EXTRACT,XIRECS,5241.0,3,1,5238.5,5236,5241,5,5238.5,buy,4.0,7.0,18.0,Mark 55->Mark 14,med,1.0815384615384616,16.91846153846154
206200,Mark 14,Mark 22,VEV_5400,XIRECS,16.0,3,1,16.5,16,17,1,16.5,sell,0.0,0.5,0.5,Mark 14->Mark 22,tight,-0.8846153846153846,1.3846153846153846
206200,Mark 01,Mark 22,VEV_6000,XIRECS,0.0,3,1,0.5,0,1,1,0.5,sell,0.0,0.0,0.0,Mark 01->Mark 22,tight,0.0,0.0
206200,Mark 01,Mark 22,VEV_6500,XIRECS,0.0,3,1,0.5,0,1,1,0.5,sell,0.0,0.0,0.0,Mark 01->Mark 22,tight,0.0,0.0
206600,Mark 38,Mark 14,VEV_4000,XIRECS,1255.0,1,1,1244.5,1234,1255,21,1244.5,buy,1.5,2.0,6.0,Mark 38->Mark 14,wide,-0.4064039408866995,6.406403940886699
206800,Mark 01,Mark 55,VELVETFRUIT_EXTRACT,XIRECS,5241.0,6,1,5243.5,5241,5246,5,5243.5,sell,2.0,3.0,8.0,Mark 01->Mark 55,med,-0.6847389558232931,8.684738955823294
207600,Mark 55,Mark 01,VELVETFRUIT_EXTRACT,XIRECS,5251.0,4,1,5248.0,5245,5251,6,5248.0,buy,-0.5,0.5,3.0,Mark 55->Mark 01,med,-0.17418032786885246,3.1741803278688523
210300,Mark 14,Mark 55,VELVETFRUIT_EXTRACT,XIRECS,5250.0,5,1,5252.5,5250,5255,5,5252.5,sell,-1.0,3.0,-6.0,Mark 14->Mark 55,med,-1.3636363636363635,-4.636363636363637
210600,Mark 14,Mark 38,HYDROGEL_PACK,XIRECS,9990.0,5,1,9998.0,9990,10006,16,9998.0,sell,6.0,4.0,8.0,Mark 14->Mark 38,wide,0.8927125506072875,7.107287449392713
211100,Mark 14,Mark 38,HYDROGEL_PACK,XIRECS,9996.0,6,1,10004.0,9996,10012,16,10004.0,sell,2.0,-2.0,-2.0,Mark 14->Mark 38,wide,0.8927125506072875,-2.8927125506072873
213700,Mark 55,Mark 01,VELVETFRUIT_EXTRACT,XIRECS,5259.0,5,1,5256.5,5254,5259,5,5256.5,buy,-3.0,-4.0,-9.0,Mark 55->Mark 01,med,-0.17418032786885246,-8.825819672131148
214400,Mark 01,Mark 55,VELVETFRUIT_EXTRACT,XIRECS,5250.0,3,1,5253.0,5250,5256,6,5253.0,sell,-2.0,-3.5,-5.0,Mark 01->Mark 55,med,-0.6847389558232931,-4.315261044176707
215000,Mark 14,Mark 55,VELVETFRUIT_EXTRACT,XIRECS,5249.0,4,1,5251.5,5249,5254,5,5251.5,sell,2.0,1.5,1.0,Mark 14->Mark 55,med,-1.3636363636363635,2.3636363636363633
216000,Mark 38,Mark 14,VEV_4000,XIRECS,1263.0,1,1,1252.5,1242,1263,21,1252.5,buy,-2.0,1.0,0.0,Mark 38->Mark 14,wide,-0.4064039408866995,0.4064039408866995
217100,Mark 55,Mark 14,VELVETFRUIT_EXTRACT,XIRECS,5257.0,4,1,5254.5,5252,5257,5,5254.5,buy,-3.5,-3.0,-0.5,Mark 55->Mark 14,med,1.0815384615384616,-1.5815384615384616
217500,Mark 38,Mark 14,HYDROGEL_PACK,XIRECS,10011.0,4,1,10003.0,9995,10011,16,10003.0,buy,-2.0,1.0,-22.0,Mark 38->Mark 14,wide,-0.49504950495049505,-21.504950495049506
217800,Mark 38,Mark 14,VEV_4000,XIRECS,1263.0,1,1,1252.5,1242,1263,21,1252.5,buy,0.0,-3.0,1.0,Mark 38->Mark 14,wide,-0.4064039408866995,1.4064039408866995
218500,Mark 38,Mark 14,HYDROGEL_PACK,XIRECS,10017.0,5,1,10009.0,10001,10017,16,10009.0,buy,-4.0,-5.0,-22.0,Mark 38->Mark 14,wide,-0.49504950495049505,-21.504950495049506
218900,Mark 38,Mark 14,HYDROGEL_PACK,XIRECS,10014.0,3,1,10006.0,9998,10014,16,10006.0,buy,-2.0,1.0,-19.0,Mark 38->Mark 14,wide,-0.49504950495049505,-18.504950495049506
218900,Mark 14,Mark 55,VELVETFRUIT_EXTRACT,XIRECS,5249.0,8,1,5251.5,5249,5254,5,5251.5,sell,0.0,-7.0,-5.0,Mark 14->Mark 55,med,-1.3636363636363635,-3.6363636363636367
221200,Mark 38,Mark 14,HYDROGEL_PACK,XIRECS,10011.0,5,1,10003.0,9995,10011,16,10003.0,buy,4.0,-8.0,6.0,Mark 38->Mark 14,wide,-0.49504950495049505,6.4950495049504955
221800,Mark 14,Mark 55,VELVETFRUIT_EXTRACT,XIRECS,5241.0,7,1,5243.5,5241,5246,5,5243.5,sell,3.0,4.5,-0.5,Mark 14->Mark 55,med,-1.3636363636363635,0.8636363636363635
222900,Mark 14,Mark 38,VEV_4000,XIRECS,1236.0,3,1,1246.5,1236,1257,21,1246.5,sell,-1.0,4.0,-3.0,Mark 14->Mark 38,wide,-0.10606060606060606,-2.893939393939394
223300,Mark 38,Mark 14,VEV_4000,XIRECS,1257.0,2,1,1246.5,1236,1257,21,1246.5,buy,2.0,3.0,-4.0,Mark 38->Mark 14,wide,-0.4064039408866995,-3.5935960591133007
224100,Mark 38,Mark 14,VEV_4000,XIRECS,1258.0,2,1,1247.5,1237,1258,21,1247.5,buy,1.0,6.5,-4.0,Mark 38->Mark 14,wide,-0.4064039408866995,-3.5935960591133007
225100,Mark 55,Mark 14,VELVETFRUIT_EXTRACT,XIRECS,5254.0,5,1,5251.5,5249,5254,5,5251.5,buy,-1.0,2.5,-4.5,Mark 55->Mark 14,med,1.0815384615384616,-5.581538461538462
226100,Mark 14,Mark 38,HYDROGEL_PACK,XIRECS,9974.0,5,1,9982.0,9974,9990,16,9982.0,sell,0.0,-1.0,27.0,Mark 14->Mark 38,wide,0.8927125506072875,26.10728744939271
229100,Mark 38,Mark 14,VEV_4000,XIRECS,1258.0,1,1,1247.5,1237,1258,21,1247.5,buy,-1.0,-4.0,6.0,Mark 38->Mark 14,wide,-0.4064039408866995,6.406403940886699
230000,Mark 38,Mark 14,HYDROGEL_PACK,XIRECS,9998.0,4,1,9990.0,9982,9998,16,9990.0,buy,7.0,20.0,21.0,Mark 38->Mark 14,wide,-0.49504950495049505,21.495049504950494
230800,Mark 38,Mark 14,HYDROGEL_PACK,XIRECS,10007.0,3,1,9999.0,9991,10007,16,9999.0,buy,11.0,12.0,24.5,Mark 38->Mark 14,wide,-0.49504950495049505,24.995049504950494
235300,Mark 01,Mark 22,VEV_5400,XIRECS,16.0,3,1,16.5,16,17,1,16.5,sell,0.0,0.5,1.0,Mark 01->Mark 22,tight,0.0038461538461538464,0.9961538461538462
235300,Mark 01,Mark 22,VEV_5500,XIRECS,7.0,3,1,7.5,7,8,1,7.5,sell,0.0,0.0,0.0,Mark 01->Mark 22,tight,-0.02356902356902357,0.02356902356902357
235300,Mark 01,Mark 22,VEV_6000,XIRECS,0.0,3,1,0.5,0,1,1,0.5,sell,0.0,0.0,0.0,Mark 01->Mark 22,tight,0.0,0.0
235300,Mark 01,Mark 22,VEV_6500,XIRECS,0.0,3,1,0.5,0,1,1,0.5,sell,0.0,0.0,0.0,Mark 01->Mark 22,tight,0.0,0.0
235900,Mark 14,Mark 38,HYDROGEL_PACK,XIRECS,9998.0,3,1,10006.0,9998,10014,16,10006.0,sell,7.0,13.0,0.0,Mark 14->Mark 38,wide,0.8927125506072875,-0.8927125506072875
237900,Mark 55,Mark 01,VELVETFRUIT_EXTRACT,XIRECS,5254.0,6,1,5251.0,5248,5254,6,5251.0,buy,-2.5,4.5,6.0,Mark 55->Mark 01,med,-0.17418032786885246,6.174180327868853
238200,Mark 38,Mark 14,HYDROGEL_PACK,XIRECS,10025.0,2,1,10017.0,10009,10025,16,10017.0,buy,0.0,-2.0,0.0,Mark 38->Mark 14,wide,-0.49504950495049505,0.49504950495049505
239400,Mark 14,Mark 55,VELVETFRUIT_EXTRACT,XIRECS,5251.0,6,1,5253.5,5251,5256,5,5253.5,sell,2.0,5.0,12.0,Mark 14->Mark 55,med,-1.3636363636363635,13.363636363636363
239600,Mark 14,Mark 38,HYDROGEL_PACK,XIRECS,10006.0,4,1,10014.0,10006,10022,16,10014.0,sell,-4.0,-2.0,-8.0,Mark 14->Mark 38,wide,0.8927125506072875,-8.892712550607287
239600,Mark 55,Mark 22,VELVETFRUIT_EXTRACT,XIRECS,5255.0,5,1,5253.5,5252,5255,3,5253.5,buy,1.5,6.0,12.0,Mark 55->Mark 22,med,7.333333333333333,4.666666666666667
239700,Mark 38,Mark 14,HYDROGEL_PACK,XIRECS,10021.0,6,1,10013.0,10005,10021,16,10013.0,buy,2.0,-3.0,-8.0,Mark 38->Mark 14,wide,-0.49504950495049505,-7.5049504950495045
240200,Mark 55,Mark 14,VELVETFRUIT_EXTRACT,XIRECS,5258.0,3,1,5255.5,5253,5258,5,5255.5,buy,2.0,6.0,9.5,Mark 55->Mark 14,med,1.0815384615384616,8.418461538461539
240600,Mark 14,Mark 38,HYDROGEL_PACK,XIRECS,10013.0,3,1,10021.0,10013,10029,16,10021.0,sell,-5.0,-15.0,-23.0,Mark 14->Mark 38,wide,0.8927125506072875,-23.89271255060729
241900,Mark 14,Mark 38,HYDROGEL_PACK,XIRECS,10005.0,2,1,10013.0,10005,10021,16,10013.0,sell,-7.0,-7.5,-19.0,Mark 14->Mark 38,wide,0.8927125506072875,-19.89271255060729
242900,Mark 67,Mark 22,VELVETFRUIT_EXTRACT,XIRECS,5254.0,5,1,5253.0,5252,5254,2,5253.0,buy,1.5,3.5,12.5,Mark 67->Mark 22,tight,0.7266666666666667,11.773333333333333
245600,Mark 55,Mark 14,VELVETFRUIT_EXTRACT,XIRECS,5256.0,6,1,5253.5,5251,5256,5,5253.5,buy,2.5,3.0,10.0,Mark 55->Mark 14,med,1.0815384615384616,8.918461538461539
248200,Mark 38,Mark 14,HYDROGEL_PACK,XIRECS,10025.0,5,1,10017.0,10009,10025,16,10017.0,buy,0.0,-16.0,-46.0,Mark 38->Mark 14,wide,-0.49504950495049505,-45.504950495049506
248300,Mark 01,Mark 55,VELVETFRUIT_EXTRACT,XIRECS,5257.0,5,1,5259.5,5257,5262,5,5259.5,sell,4.0,5.0,-1.0,Mark 01->Mark 55,med,-0.6847389558232931,-0.31526104417670686
250500,Mark 01,Mark 55,VELVETFRUIT_EXTRACT,XIRECS,5260.0,4,1,5262.5,5260,5265,5,5262.5,sell,1.0,2.0,-6.5,Mark 01->Mark 55,med,-0.6847389558232931,-5.815261044176707
250600,Mark 14,Mark 38,VEV_4000,XIRECS,1252.0,2,1,1262.5,1252,1273,21,1262.5,sell,1.0,4.5,-5.0,Mark 14->Mark 38,wide,-0.10606060606060606,-4.893939393939394
251200,Mark 01,Mark 55,VELVETFRUIT_EXTRACT,XIRECS,5262.0,8,1,5264.5,5262,5267,5,5264.5,sell,0.5,-2.0,-7.0,Mark 01->Mark 55,med,-0.6847389558232931,-6.315261044176707
251600,Mark 38,Mark 14,VEV_4000,XIRECS,1275.0,3,1,1264.5,1254,1275,21,1264.5,buy,-1.0,0.0,-8.0,Mark 38->Mark 14,wide,-0.4064039408866995,-7.593596059113301
251900,Mark 67,Mark 49,VELVETFRUIT_EXTRACT,XIRECS,5263.0,14,1,5262.0,5261,5263,2,5262.0,buy,2.5,1.5,-7.0,Mark 67->Mark 49,tight,1.9204545454545454,-8.920454545454545
252400,Mark 55,Mark 14,VELVETFRUIT_EXTRACT,XIRECS,5267.0,6,1,5264.5,5262,5267,5,5264.5,buy,1.0,0.5,-11.5,Mark 55->Mark 14,med,1.0815384615384616,-12.581538461538461
252500,Mark 14,Mark 38,HYDROGEL_PACK,XIRECS,9988.0,3,1,9996.0,9988,10004,16,9996.0,sell,-1.0,-4.0,2.0,Mark 14->Mark 38,wide,0.8927125506072875,1.1072874493927125
252500,Mark 01,Mark 22,VEV_5300,XIRECS,53.0,2,1,54.0,53,55,2,54.0,sell,0.0,0.0,-4.0,Mark 01->Mark 22,tight,0.026717557251908396,-4.026717557251908
252500,Mark 01,Mark 22,VEV_5400,XIRECS,19.0,2,1,20.0,19,21,2,20.0,sell,0.0,0.0,-2.0,Mark 01->Mark 22,tight,0.0038461538461538464,-2.003846153846154
252500,Mark 01,Mark 22,VEV_5500,XIRECS,8.0,2,1,9.0,8,10,2,9.0,sell,0.0,0.0,-1.0,Mark 01->Mark 22,tight,-0.02356902356902357,-0.9764309764309764
252500,Mark 01,Mark 22,VEV_6000,XIRECS,0.0,2,1,0.5,0,1,1,0.5,sell,0.0,0.0,0.0,Mark 01->Mark 22,tight,0.0,0.0
252500,Mark 01,Mark 22,VEV_6500,XIRECS,0.0,2,1,0.5,0,1,1,0.5,sell,0.0,0.0,0.0,Mark 01->Mark 22,tight,0.0,0.0
253900,Mark 55,Mark 14,VELVETFRUIT_EXTRACT,XIRECS,5266.0,3,1,5263.5,5261,5266,5,5263.5,buy,1.5,1.0,-9.0,Mark 55->Mark 14,med,1.0815384615384616,-10.081538461538461
254700,Mark 38,Mark 14,HYDROGEL_PACK,XIRECS,9997.0,5,1,9992.5,9988,9997,9,9992.5,buy,-7.5,-13.5,8.5,Mark 38->Mark 14,wide,-0.49504950495049505,8.995049504950495
255000,Mark 14,Mark 38,HYDROGEL_PACK,XIRECS,9980.0,4,1,9988.0,9980,9996,16,9988.0,sell,-10.0,-9.0,13.0,Mark 14->Mark 38,wide,0.8927125506072875,12.107287449392713
255300,Mark 14,Mark 38,HYDROGEL_PACK,XIRECS,9973.0,2,1,9981.0,9973,9989,16,9981.0,sell,-6.0,-8.0,21.0,Mark 14->Mark 38,wide,0.8927125506072875,20.10728744939271
255400,Mark 14,Mark 38,HYDROGEL_PACK,XIRECS,9973.0,3,1,9981.0,9973,9989,16,9981.0,sell,-3.0,-8.0,19.0,Mark 14->Mark 38,wide,0.8927125506072875,18.10728744939271
258400,Mark 67,Mark 22,VELVETFRUIT_EXTRACT,XIRECS,5257.0,8,1,5256.0,5255,5257,2,5256.0,buy,2.0,-2.5,-9.5,Mark 67->Mark 22,tight,0.7266666666666667,-10.226666666666667
262200,Mark 01,Mark 55,VELVETFRUIT_EXTRACT,XIRECS,5250.0,4,1,5252.5,5250,5255,5,5252.5,sell,5.0,0.0,7.0,Mark 01->Mark 55,med,-0.6847389558232931,7.684738955823293
262300,Mark 38,Mark 14,HYDROGEL_PACK,XIRECS,10005.0,4,1,9997.0,9989,10005,16,9997.0,buy,3.0,5.0,-22.0,Mark 38->Mark 14,wide,-0.49504950495049505,-21.504950495049506
262800,Mark 38,Mark 14,HYDROGEL_PACK,XIRECS,10008.0,2,1,10000.0,9992,10008,16,10000.0,buy,3.0,0.0,-25.0,Mark 38->Mark 14,wide,-0.49504950495049505,-24.504950495049506
263100,Mark 38,Mark 14,VEV_4000,XIRECS,1268.0,3,1,1257.5,1247,1268,21,1257.5,buy,-4.0,-5.0,3.0,Mark 38->Mark 14,wide,-0.4064039408866995,3.4064039408866993
263900,Mark 55,Mark 14,VELVETFRUIT_EXTRACT,XIRECS,5257.0,7,1,5254.5,5252,5257,5,5254.5,buy,-2.0,-4.0,5.0,Mark 55->Mark 14,med,1.0815384615384616,3.918461538461538
265400,Mark 67,Mark 49,VELVETFRUIT_EXTRACT,XIRECS,5250.0,9,1,5249.0,5248,5250,2,5249.0,buy,1.5,1.5,9.5,Mark 67->Mark 49,tight,1.9204545454545454,7.579545454545455
265600,Mark 14,Mark 55,VELVETFRUIT_EXTRACT,XIRECS,5248.0,5,1,5250.5,5248,5253,5,5250.5,sell,0.5,-1.5,9.0,Mark 14->Mark 55,med,-1.3636363636363635,10.363636363636363
265800,Mark 55,Mark 14,VELVETFRUIT_EXTRACT,XIRECS,5252.0,7,1,5249.5,5247,5252,5,5249.5,buy,3.0,-2.0,9.0,Mark 55->Mark 14,med,1.0815384615384616,7.918461538461538
265900,Mark 14,Mark 38,VEV_4000,XIRECS,1240.0,1,1,1250.5,1240,1261,21,1250.5,sell,0.0,-4.0,7.0,Mark 14->Mark 38,wide,-0.10606060606060606,7.106060606060606
266300,Mark 38,Mark 14,HYDROGEL_PACK,XIRECS,9999.0,4,1,9991.0,9983,9999,16,9991.0,buy,1.0,1.0,-6.0,Mark 38->Mark 14,wide,-0.49504950495049505,-5.5049504950495045
266500,Mark 55,Mark 01,VELVETFRUIT_EXTRACT,XIRECS,5253.0,5,1,5250.0,5247,5253,6,5250.0,buy,0.5,-3.5,4.0,Mark 55->Mark 01,med,-0.17418032786885246,4.174180327868853
266600,Mark 38,Mark 14,HYDROGEL_PACK,XIRECS,9997.0,4,1,9989.0,9981,9997,16,9989.0,buy,1.0,0.0,-6.0,Mark 38->Mark 14,wide,-0.49504950495049505,-5.5049504950495045
267400,Mark 55,Mark 14,VELVETFRUIT_EXTRACT,XIRECS,5253.0,3,1,5250.5,5248,5253,5,5250.5,buy,-3.0,0.0,1.0,Mark 55->Mark 14,med,1.0815384615384616,-0.08153846153846156
268300,Mark 38,Mark 14,VEV_4000,XIRECS,1257.0,2,1,1246.5,1236,1257,21,1246.5,buy,0.0,7.0,9.0,Mark 38->Mark 14,wide,-0.4064039408866995,9.4064039408867
268700,Mark 55,Mark 14,VELVETFRUIT_EXTRACT,XIRECS,5251.0,5,1,5248.5,5246,5251,5,5248.5,buy,1.5,10.5,6.5,Mark 55->Mark 14,med,1.0815384615384616,5.418461538461538
269300,Mark 14,Mark 38,HYDROGEL_PACK,XIRECS,9973.0,3,1,9981.0,9973,9989,16,9981.0,sell,1.0,-1.0,-6.0,Mark 14->Mark 38,wide,0.8927125506072875,-6.892712550607287
269300,Mark 01,Mark 55,VELVETFRUIT_EXTRACT,XIRECS,5247.0,5,1,5249.5,5247,5252,5,5249.5,sell,1.5,8.0,7.0,Mark 01->Mark 55,med,-0.6847389558232931,7.684738955823293
271600,Mark 14,Mark 38,VEV_4000,XIRECS,1248.0,1,1,1258.5,1248,1269,21,1258.5,sell,1.0,2.5,-1.0,Mark 14->Mark 38,wide,-0.10606060606060606,-0.8939393939393939
272600,Mark 67,Mark 22,VELVETFRUIT_EXTRACT,XIRECS,5261.0,7,1,5260.0,5259,5261,2,5260.0,buy,0.5,-1.5,1.5,Mark 67->Mark 22,tight,0.7266666666666667,0.7733333333333333
274600,Mark 38,Mark 14,HYDROGEL_PACK,XIRECS,9989.0,2,1,9981.5,9974,9989,15,9981.5,buy,3.0,1.5,-9.5,Mark 38->Mark 14,wide,-0.49504950495049505,-9.004950495049505
275300,Mark 55,Mark 01,VELVETFRUIT_EXTRACT,XIRECS,5259.0,8,1,5257.5,5256,5259,3,5257.5,buy,1.0,-6.0,7.0,Mark 55->Mark 01,med,-0.17418032786885246,7.174180327868853
275700,Mark 38,Mark 14,HYDROGEL_PACK,XIRECS,9996.0,2,1,9988.0,9980,9996,16,9988.0,buy,-4.0,-9.0,-14.0,Mark 38->Mark 14,wide,-0.49504950495049505,-13.504950495049505
276500,Mark 55,Mark 14,VELVETFRUIT_EXTRACT,XIRECS,5255.0,7,1,5254.0,5253,5255,2,5254.0,buy,-2.5,1.5,11.5,Mark 55->Mark 14,tight,2.8333333333333335,8.666666666666666
277400,Mark 55,Mark 14,VELVETFRUIT_EXTRACT,XIRECS,5254.0,4,1,5251.5,5249,5254,5,5251.5,buy,1.5,7.0,15.0,Mark 55->Mark 14,med,1.0815384615384616,13.918461538461539
278300,Mark 55,Mark 14,VELVETFRUIT_EXTRACT,XIRECS,5258.0,5,1,5255.5,5253,5258,5,5255.5,buy,1.0,3.0,10.0,Mark 55->Mark 14,med,1.0815384615384616,8.918461538461539
279600,Mark 55,Mark 01,VELVETFRUIT_EXTRACT,XIRECS,5260.0,4,1,5257.0,5254,5260,6,5257.0,buy,4.0,0.5,11.0,Mark 55->Mark 01,med,-0.17418032786885246,11.174180327868852
280500,Mark 38,Mark 14,HYDROGEL_PACK,XIRECS,9973.0,2,1,9965.0,9957,9973,16,9965.0,buy,-5.0,6.0,-13.0,Mark 38->Mark 14,wide,-0.49504950495049505,-12.504950495049505
281100,Mark 14,Mark 38,HYDROGEL_PACK,XIRECS,9952.0,3,1,9960.0,9952,9968,16,9960.0,sell,4.0,11.0,-2.0,Mark 14->Mark 38,wide,0.8927125506072875,-2.8927125506072873
281400,Mark 67,Mark 49,VELVETFRUIT_EXTRACT,XIRECS,5253.0,15,1,5252.5,5252,5253,1,5252.5,buy,4.0,4.0,20.5,Mark 67->Mark 49,tight,1.9204545454545454,18.579545454545453
281500,Mark 38,Mark 14,VEV_4000,XIRECS,1267.0,1,1,1256.5,1246,1267,21,1256.5,buy,1.0,0.0,17.5,Mark 38->Mark 14,wide,-0.4064039408866995,17.9064039408867
282200,Mark 38,Mark 14,HYDROGEL_PACK,XIRECS,9979.0,2,1,9971.0,9963,9979,16,9971.0,buy,-2.0,5.0,-17.0,Mark 38->Mark 14,wide,-0.49504950495049505,-16.504950495049506
282200,Mark 14,Mark 55,VELVETFRUIT_EXTRACT,XIRECS,5260.0,7,1,5262.5,5260,5265,5,5262.5,sell,-2.5,-1.0,10.0,Mark 14->Mark 55,med,-1.3636363636363635,11.363636363636363
283400,Mark 55,Mark 14,VELVETFRUIT_EXTRACT,XIRECS,5259.0,7,1,5256.5,5254,5259,5,5256.5,buy,4.0,8.0,14.5,Mark 55->Mark 14,med,1.0815384615384616,13.418461538461539
285400,Mark 14,Mark 38,HYDROGEL_PACK,XIRECS,9965.0,5,1,9973.0,9965,9981,16,9973.0,sell,5.0,-7.0,-21.0,Mark 14->Mark 38,wide,0.8927125506072875,-21.89271255060729
286300,Mark 55,Mark 01,VELVETFRUIT_EXTRACT,XIRECS,5266.0,6,1,5263.0,5260,5266,6,5263.0,buy,2.5,2.5,11.5,Mark 55->Mark 01,med,-0.17418032786885246,11.674180327868852
286600,Mark 38,Mark 14,VEV_4000,XIRECS,1277.0,2,1,1266.5,1256,1277,21,1266.5,buy,1.0,0.0,8.0,Mark 38->Mark 14,wide,-0.4064039408866995,8.4064039408867
288800,Mark 38,Mark 14,VEV_4000,XIRECS,1278.0,1,1,1267.5,1257,1278,21,1267.5,buy,-0.5,6.0,0.0,Mark 38->Mark 14,wide,-0.4064039408866995,0.4064039408866995
289100,Mark 55,Mark 14,VELVETFRUIT_EXTRACT,XIRECS,5271.0,5,1,5268.5,5266,5271,5,5268.5,buy,-0.5,5.0,0.0,Mark 55->Mark 14,med,1.0815384615384616,-1.0815384615384616
289200,Mark 67,Mark 49,VELVETFRUIT_EXTRACT,XIRECS,5266.0,11,1,5265.5,5265,5266,1,5265.5,buy,4.0,8.0,2.5,Mark 67->Mark 49,tight,1.9204545454545454,0.5795454545454546
290900,Mark 38,Mark 14,HYDROGEL_PACK,XIRECS,9965.0,3,1,9957.0,9949,9965,16,9957.0,buy,-3.0,3.0,-4.0,Mark 38->Mark 14,wide,-0.49504950495049505,-3.504950495049505
291400,Mark 55,Mark 49,VELVETFRUIT_EXTRACT,XIRECS,5274.0,5,1,5273.0,5272,5274,2,5273.0,buy,-1.5,-2.0,-4.5,Mark 55->Mark 49,tight,-2.5,-2.0
291800,Mark 67,Mark 22,VELVETFRUIT_EXTRACT,XIRECS,5270.0,5,1,5269.0,5268,5270,2,5269.0,buy,3.5,1.5,-0.5,Mark 67->Mark 22,tight,0.7266666666666667,-1.2266666666666666
292400,Mark 55,Mark 01,VELVETFRUIT_EXTRACT,XIRECS,5275.0,8,1,5272.0,5269,5275,6,5272.0,buy,0.5,3.0,-2.5,Mark 55->Mark 01,med,-0.17418032786885246,-2.3258196721311477
292800,Mark 14,Mark 38,HYDROGEL_PACK,XIRECS,9951.0,6,1,9959.0,9951,9967,16,9959.0,sell,2.0,-8.0,-12.0,Mark 14->Mark 38,wide,0.8927125506072875,-12.892712550607287
295000,Mark 38,Mark 14,HYDROGEL_PACK,XIRECS,9959.0,5,1,9951.0,9943,9959,16,9951.0,buy,2.0,-1.0,8.0,Mark 38->Mark 14,wide,-0.49504950495049505,8.495049504950495
296900,Mark 01,Mark 55,VELVETFRUIT_EXTRACT,XIRECS,5270.0,5,1,5273.0,5270,5276,6,5273.0,sell,-0.5,-4.5,-6.5,Mark 01->Mark 55,med,-0.6847389558232931,-5.815261044176707
297100,Mark 38,Mark 14,HYDROGEL_PACK,XIRECS,9958.0,3,1,9950.0,9942,9958,16,9950.0,buy,-1.0,3.0,10.0,Mark 38->Mark 14,wide,-0.49504950495049505,10.495049504950495
297400,Mark 55,Mark 14,VELVETFRUIT_EXTRACT,XIRECS,5275.0,4,1,5272.5,5270,5275,5,5272.5,buy,-1.5,-0.5,-1.0,Mark 55->Mark 14,med,1.0815384615384616,-2.081538461538462
297500,Mark 14,Mark 38,VEV_4000,XIRECS,1262.0,1,1,1273.0,1262,1284,22,1273.0,sell,-2.5,-2.5,-0.5,Mark 14->Mark 38,wide,-0.10606060606060606,-0.3939393939393939
301100,Mark 38,Mark 14,HYDROGEL_PACK,XIRECS,9966.0,3,1,9958.0,9950,9966,16,9958.0,buy,-4.5,-12.0,-29.0,Mark 38->Mark 14,wide,-0.49504950495049505,-28.504950495049506
301300,Mark 38,Mark 14,HYDROGEL_PACK,XIRECS,9967.0,2,1,9959.0,9951,9967,16,9959.0,buy,-11.0,-13.0,-27.5,Mark 38->Mark 14,wide,-0.49504950495049505,-27.004950495049506
302400,Mark 14,Mark 38,HYDROGEL_PACK,XIRECS,9936.0,6,1,9944.0,9936,9952,16,9944.0,sell,0.0,9.0,-14.0,Mark 14->Mark 38,wide,0.8927125506072875,-14.892712550607287
304000,Mark 01,Mark 22,VEV_5400,XIRECS,19.0,3,1,20.0,19,21,2,20.0,sell,0.0,-0.5,-2.0,Mark 01->Mark 22,tight,0.0038461538461538464,-2.003846153846154
304000,Mark 01,Mark 22,VEV_5500,XIRECS,8.0,3,1,8.5,8,9,1,8.5,sell,0.0,0.0,-1.0,Mark 01->Mark 22,tight,-0.02356902356902357,-0.9764309764309764
304000,Mark 01,Mark 22,VEV_6000,XIRECS,0.0,3,1,0.5,0,1,1,0.5,sell,0.0,0.0,0.0,Mark 01->Mark 22,tight,0.0,0.0
304000,Mark 01,Mark 22,VEV_6500,XIRECS,0.0,3,1,0.5,0,1,1,0.5,sell,0.0,0.0,0.0,Mark 01->Mark 22,tight,0.0,0.0
304200,Mark 14,Mark 38,HYDROGEL_PACK,XIRECS,9944.0,2,1,9952.0,9944,9960,16,9952.0,sell,7.0,5.0,-17.0,Mark 14->Mark 38,wide,0.8927125506072875,-17.89271255060729
306500,Mark 38,Mark 14,HYDROGEL_PACK,XIRECS,9967.0,5,1,9959.0,9951,9967,16,9959.0,buy,2.0,-8.0,-27.0,Mark 38->Mark 14,wide,-0.49504950495049505,-26.504950495049506
307100,Mark 38,Mark 14,VEV_4000,XIRECS,1279.0,1,1,1268.5,1258,1279,21,1268.5,buy,2.5,-1.5,-22.0,Mark 38->Mark 14,wide,-0.4064039408866995,-21.5935960591133
307500,Mark 55,Mark 01,VELVETFRUIT_EXTRACT,XIRECS,5275.0,8,1,5272.5,5270,5275,5,5272.5,buy,-1.5,-7.0,-25.0,Mark 55->Mark 01,med,-0.17418032786885246,-24.825819672131146
308000,Mark 14,Mark 38,HYDROGEL_PACK,XIRECS,9943.0,3,1,9951.0,9943,9959,16,9951.0,sell,0.0,-15.0,-11.0,Mark 14->Mark 38,wide,0.8927125506072875,-11.892712550607287
308100,Mark 14,Mark 38,HYDROGEL_PACK,XIRECS,9945.0,4,1,9953.0,9945,9961,16,9953.0,sell,-1.0,-18.0,-12.0,Mark 14->Mark 38,wide,0.8927125506072875,-12.892712550607287
308100,Mark 67,Mark 22,VELVETFRUIT_EXTRACT,XIRECS,5271.0,6,1,5270.0,5269,5271,2,5270.0,buy,-0.5,-1.5,-22.5,Mark 67->Mark 22,tight,0.7266666666666667,-23.226666666666667
309500,Mark 55,Mark 01,VELVETFRUIT_EXTRACT,XIRECS,5268.0,4,1,5265.5,5263,5268,5,5265.5,buy,2.0,-1.0,-18.5,Mark 55->Mark 01,med,-0.17418032786885246,-18.325819672131146
310100,Mark 14,Mark 22,VEV_5400,XIRECS,20.0,5,1,20.5,20,21,1,20.5,sell,-0.5,-1.0,-5.0,Mark 14->Mark 22,tight,-0.8846153846153846,-4.115384615384615
310100,Mark 01,Mark 22,VEV_5500,XIRECS,8.0,5,1,9.0,8,10,2,9.0,sell,-0.5,-0.5,-2.5,Mark 01->Mark 22,tight,-0.02356902356902357,-2.4764309764309766
310100,Mark 01,Mark 22,VEV_6000,XIRECS,0.0,5,1,0.5,0,1,1,0.5,sell,0.0,0.0,0.0,Mark 01->Mark 22,tight,0.0,0.0
310100,Mark 01,Mark 22,VEV_6500,XIRECS,0.0,5,1,0.5,0,1,1,0.5,sell,0.0,0.0,0.0,Mark 01->Mark 22,tight,0.0,0.0
310500,Mark 67,Mark 49,VELVETFRUIT_EXTRACT,XIRECS,5266.0,11,1,5265.5,5265,5266,1,5265.5,buy,-1.0,-1.0,-20.5,Mark 67->Mark 49,tight,1.9204545454545454,-22.420454545454547
310600,Mark 14,Mark 55,VELVETFRUIT_EXTRACT,XIRECS,5264.0,3,1,5266.5,5264,5269,5,5266.5,sell,-2.0,-2.5,-20.0,Mark 14->Mark 55,med,-1.3636363636363635,-18.636363636363637
313000,Mark 55,Mark 01,VELVETFRUIT_EXTRACT,XIRECS,5267.0,5,1,5264.5,5262,5267,5,5264.5,buy,-3.0,-14.0,-11.0,Mark 55->Mark 01,med,-0.17418032786885246,-10.825819672131148
314500,Mark 14,Mark 55,VELVETFRUIT_EXTRACT,XIRECS,5251.0,4,1,5253.5,5251,5256,5,5253.5,sell,-3.0,-6.0,-3.0,Mark 14->Mark 55,med,-1.3636363636363635,-1.6363636363636365
316200,Mark 38,Mark 14,HYDROGEL_PACK,XIRECS,9939.0,5,1,9931.0,9923,9939,16,9931.0,buy,-1.0,9.0,15.0,Mark 38->Mark 14,wide,-0.49504950495049505,15.495049504950495
317100,Mark 14,Mark 38,HYDROGEL_PACK,XIRECS,9929.0,4,1,9937.0,9929,9945,16,9937.0,sell,6.0,5.0,4.0,Mark 14->Mark 38,wide,0.8927125506072875,3.1072874493927127
318300,Mark 38,Mark 14,HYDROGEL_PACK,XIRECS,9950.0,4,1,9942.0,9934,9950,16,9942.0,buy,-3.0,6.0,2.5,Mark 38->Mark 14,wide,-0.49504950495049505,2.995049504950495
318900,Mark 55,Mark 14,VELVETFRUIT_EXTRACT,XIRECS,5250.0,4,1,5247.5,5245,5250,5,5247.5,buy,1.0,1.0,1.0,Mark 55->Mark 14,med,1.0815384615384616,-0.08153846153846156
321900,Mark 55,Mark 14,VELVETFRUIT_EXTRACT,XIRECS,5253.0,7,1,5250.5,5248,5253,5,5250.5,buy,3.0,1.0,-9.0,Mark 55->Mark 14,med,1.0815384615384616,-10.081538461538461
322000,Mark 01,Mark 22,VEV_5400,XIRECS,16.0,2,1,17.0,16,18,2,17.0,sell,0.0,0.0,-2.0,Mark 01->Mark 22,tight,0.0038461538461538464,-2.003846153846154
322000,Mark 01,Mark 22,VEV_5500,XIRECS,7.0,2,1,7.5,7,8,1,7.5,sell,0.0,0.0,-1.0,Mark 01->Mark 22,tight,-0.02356902356902357,-0.9764309764309764
322000,Mark 01,Mark 22,VEV_6000,XIRECS,0.0,2,1,0.5,0,1,1,0.5,sell,0.0,0.0,0.0,Mark 01->Mark 22,tight,0.0,0.0
322000,Mark 01,Mark 22,VEV_6500,XIRECS,0.0,2,1,0.5,0,1,1,0.5,sell,0.0,0.0,0.0,Mark 01->Mark 22,tight,0.0,0.0
322600,Mark 14,Mark 22,VEV_5200,XIRECS,98.0,4,1,99.0,98,100,2,99.0,sell,0.5,-2.5,-7.5,Mark 14->Mark 22,tight,-0.09090909090909091,-7.409090909090909
322600,Mark 01,Mark 22,VEV_5500,XIRECS,7.0,4,1,7.5,7,8,1,7.5,sell,0.0,-0.5,-1.0,Mark 01->Mark 22,tight,-0.02356902356902357,-0.9764309764309764
322600,Mark 01,Mark 22,VEV_6000,XIRECS,0.0,4,1,0.5,0,1,1,0.5,sell,0.0,0.0,0.0,Mark 01->Mark 22,tight,0.0,0.0
322600,Mark 01,Mark 22,VEV_6500,XIRECS,0.0,4,1,0.5,0,1,1,0.5,sell,0.0,0.0,0.0,Mark 01->Mark 22,tight,0.0,0.0
323300,Mark 38,Mark 14,HYDROGEL_PACK,XIRECS,9956.0,5,1,9948.0,9940,9956,16,9948.0,buy,-7.0,-6.5,1.0,Mark 38->Mark 14,wide,-0.49504950495049505,1.495049504950495
323300,Mark 38,Mark 14,VEV_4000,XIRECS,1262.0,3,1,1251.5,1241,1262,21,1251.5,buy,1.0,-4.0,-11.0,Mark 38->Mark 14,wide,-0.4064039408866995,-10.5935960591133
324100,Mark 55,Mark 14,VELVETFRUIT_EXTRACT,XIRECS,5254.0,7,1,5251.5,5249,5254,5,5251.5,buy,-2.0,0.0,-4.0,Mark 55->Mark 14,med,1.0815384615384616,-5.081538461538462
324600,Mark 38,Mark 14,HYDROGEL_PACK,XIRECS,9946.0,6,1,9938.0,9930,9946,16,9938.0,buy,6.0,6.0,21.0,Mark 38->Mark 14,wide,-0.49504950495049505,21.495049504950494
325300,Mark 14,Mark 38,VEV_4000,XIRECS,1237.0,2,1,1247.5,1237,1258,21,1247.5,sell,3.0,5.0,0.0,Mark 14->Mark 38,wide,-0.10606060606060606,0.10606060606060606
326300,Mark 38,Mark 14,VEV_4000,XIRECS,1261.0,1,1,1250.5,1240,1261,21,1250.5,buy,2.0,1.0,1.0,Mark 38->Mark 14,wide,-0.4064039408866995,1.4064039408866995
327600,Mark 14,Mark 38,HYDROGEL_PACK,XIRECS,9928.0,5,1,9936.0,9928,9944,16,9936.0,sell,4.0,8.0,8.0,Mark 14->Mark 38,wide,0.8927125506072875,7.107287449392713
327700,Mark 38,Mark 14,HYDROGEL_PACK,XIRECS,9946.0,6,1,9938.0,9930,9946,16,9938.0,buy,5.0,8.0,3.0,Mark 38->Mark 14,wide,-0.49504950495049505,3.495049504950495
328000,Mark 14,Mark 38,VEV_4000,XIRECS,1243.0,1,1,1253.5,1243,1264,21,1253.5,sell,-2.0,-7.0,-1.0,Mark 14->Mark 38,wide,-0.10606060606060606,-0.8939393939393939
328400,Mark 14,Mark 38,VEV_4000,XIRECS,1240.0,1,1,1250.5,1240,1261,21,1250.5,sell,-2.0,-6.0,-1.0,Mark 14->Mark 38,wide,-0.10606060606060606,-0.8939393939393939
328500,Mark 14,Mark 55,VELVETFRUIT_EXTRACT,XIRECS,5249.0,4,1,5251.5,5249,5254,5,5251.5,sell,-2.0,-6.0,-3.0,Mark 14->Mark 55,med,-1.3636363636363635,-1.6363636363636365
331400,Mark 14,Mark 38,VEV_4000,XIRECS,1232.0,1,1,1242.5,1232,1253,21,1242.5,sell,-1.0,-1.0,7.0,Mark 14->Mark 38,wide,-0.10606060606060606,7.106060606060606
333100,Mark 01,Mark 55,VELVETFRUIT_EXTRACT,XIRECS,5236.0,4,1,5238.5,5236,5241,5,5238.5,sell,6.0,11.0,12.0,Mark 01->Mark 55,med,-0.6847389558232931,12.684738955823294
334900,Mark 14,Mark 38,VEV_4000,XIRECS,1237.0,1,1,1247.5,1237,1258,21,1247.5,sell,1.0,5.0,-2.0,Mark 14->Mark 38,wide,-0.10606060606060606,-1.893939393939394
335300,Mark 14,Mark 38,HYDROGEL_PACK,XIRECS,9943.0,5,1,9951.0,9943,9959,16,9951.0,sell,-5.0,-6.0,3.0,Mark 14->Mark 38,wide,0.8927125506072875,2.1072874493927127
335300,Mark 01,Mark 55,VELVETFRUIT_EXTRACT,XIRECS,5245.0,3,1,5247.5,5245,5250,5,5247.5,sell,1.0,4.0,-2.0,Mark 01->Mark 55,med,-0.6847389558232931,-1.3152610441767068
335500,Mark 38,Mark 14,HYDROGEL_PACK,XIRECS,9961.0,4,1,9953.0,9945,9961,16,9953.0,buy,-7.0,-9.0,-2.0,Mark 38->Mark 14,wide,-0.49504950495049505,-1.504950495049505
338100,Mark 14,Mark 38,HYDROGEL_PACK,XIRECS,9931.0,3,1,9939.0,9931,9947,16,9939.0,sell,-3.0,4.0,29.0,Mark 14->Mark 38,wide,0.8927125506072875,28.10728744939271
339500,Mark 14,Mark 38,HYDROGEL_PACK,XIRECS,9932.0,3,1,9940.0,9932,9948,16,9940.0,sell,1.0,7.0,29.0,Mark 14->Mark 38,wide,0.8927125506072875,28.10728744939271
340100,Mark 38,Mark 14,VEV_4000,XIRECS,1260.0,2,1,1249.5,1239,1260,21,1249.5,buy,1.0,2.0,-1.0,Mark 38->Mark 14,wide,-0.4064039408866995,-0.5935960591133005
340500,Mark 67,Mark 49,VELVETFRUIT_EXTRACT,XIRECS,5249.0,9,1,5248.5,5248,5249,1,5248.5,buy,2.0,1.0,-2.0,Mark 67->Mark 49,tight,1.9204545454545454,-3.9204545454545454
342000,Mark 14,Mark 55,VELVETFRUIT_EXTRACT,XIRECS,5249.0,6,1,5251.5,5249,5254,5,5251.5,sell,-2.0,-1.5,-7.0,Mark 14->Mark 55,med,-1.3636363636363635,-5.636363636363637
342400,Mark 14,Mark 38,HYDROGEL_PACK,XIRECS,9944.0,5,1,9952.0,9944,9960,16,9952.0,sell,9.0,11.0,7.5,Mark 14->Mark 38,wide,0.8927125506072875,6.607287449392713
343100,Mark 38,Mark 14,HYDROGEL_PACK,XIRECS,9966.0,2,1,9958.0,9950,9966,16,9958.0,buy,0.0,-2.0,2.0,Mark 38->Mark 14,wide,-0.49504950495049505,2.495049504950495
343400,Mark 67,Mark 49,VELVETFRUIT_EXTRACT,XIRECS,5251.0,13,1,5250.5,5250,5251,1,5250.5,buy,1.0,-5.0,-5.5,Mark 67->Mark 49,tight,1.9204545454545454,-7.420454545454545
344000,Mark 14,Mark 38,HYDROGEL_PACK,XIRECS,9953.0,5,1,9961.0,9953,9969,16,9961.0,sell,1.0,-13.0,-8.0,Mark 14->Mark 38,wide,0.8927125506072875,-8.892712550607287
344200,Mark 55,Mark 01,VELVETFRUIT_EXTRACT,XIRECS,5253.0,4,1,5250.5,5248,5253,5,5250.5,buy,-3.0,-4.0,-7.0,Mark 55->Mark 01,med,-0.17418032786885246,-6.825819672131147
345700,Mark 38,Mark 14,HYDROGEL_PACK,XIRECS,9957.0,6,1,9949.0,9941,9957,16,9949.0,buy,1.0,20.0,5.0,Mark 38->Mark 14,wide,-0.49504950495049505,5.4950495049504955
345700,Mark 14,Mark 55,VELVETFRUIT_EXTRACT,XIRECS,5245.0,7,1,5247.5,5245,5250,5,5247.5,sell,-1.0,0.0,-7.0,Mark 14->Mark 55,med,-1.3636363636363635,-5.636363636363637
345900,Mark 38,Mark 14,HYDROGEL_PACK,XIRECS,9958.0,3,1,9950.0,9942,9958,16,9950.0,buy,7.0,15.5,4.0,Mark 38->Mark 14,wide,-0.49504950495049505,4.4950495049504955
348500,Mark 14,Mark 38,HYDROGEL_PACK,XIRECS,9964.0,5,1,9972.0,9964,9980,16,9972.0,sell,1.0,-8.0,-20.0,Mark 14->Mark 38,wide,0.8927125506072875,-20.89271255060729
350300,Mark 01,Mark 22,VEV_5400,XIRECS,15.0,4,1,16.0,15,17,2,16.0,sell,-0.5,-0.5,0.5,Mark 01->Mark 22,tight,0.0038461538461538464,0.49615384615384617
350300,Mark 01,Mark 22,VEV_5500,XIRECS,6.0,4,1,6.5,6,7,1,6.5,sell,0.0,0.0,0.5,Mark 01->Mark 22,tight,-0.02356902356902357,0.5235690235690236
350300,Mark 01,Mark 22,VEV_6000,XIRECS,0.0,4,1,0.5,0,1,1,0.5,sell,0.0,0.0,0.0,Mark 01->Mark 22,tight,0.0,0.0
350300,Mark 01,Mark 22,VEV_6500,XIRECS,0.0,4,1,0.5,0,1,1,0.5,sell,0.0,0.0,0.0,Mark 01->Mark 22,tight,0.0,0.0
350900,Mark 38,Mark 14,VEV_4000,XIRECS,1256.0,3,1,1245.5,1235,1256,21,1245.5,buy,-2.0,-1.0,3.0,Mark 38->Mark 14,wide,-0.4064039408866995,3.4064039408866993
351000,Mark 38,Mark 14,HYDROGEL_PACK,XIRECS,9973.0,3,1,9965.0,9957,9973,16,9965.0,buy,-3.0,-6.0,-8.0,Mark 38->Mark 14,wide,-0.49504950495049505,-7.5049504950495045
356800,Mark 14,Mark 38,VEV_4000,XIRECS,1234.0,2,1,1244.5,1234,1255,21,1244.5,sell,-1.0,4.0,6.0,Mark 14->Mark 38,wide,-0.10606060606060606,6.106060606060606
357100,Mark 38,Mark 14,HYDROGEL_PACK,XIRECS,9963.0,6,1,9955.0,9947,9963,16,9955.0,buy,1.0,-3.0,5.0,Mark 38->Mark 14,wide,-0.49504950495049505,5.4950495049504955
358100,Mark 14,Mark 55,VELVETFRUIT_EXTRACT,XIRECS,5245.0,6,1,5247.5,5245,5250,5,5247.5,sell,0.0,1.0,3.0,Mark 14->Mark 55,med,-1.3636363636363635,4.363636363636363
358300,Mark 14,Mark 38,VEV_4000,XIRECS,1237.0,3,1,1247.5,1237,1258,21,1247.5,sell,1.0,1.0,2.0,Mark 14->Mark 38,wide,-0.10606060606060606,2.106060606060606
358500,Mark 38,Mark 14,HYDROGEL_PACK,XIRECS,9960.0,6,1,9952.0,9944,9960,16,9952.0,buy,-1.0,6.0,23.0,Mark 38->Mark 14,wide,-0.49504950495049505,23.495049504950494
360600,Mark 14,Mark 38,HYDROGEL_PACK,XIRECS,9951.0,2,1,9959.0,9951,9967,16,9959.0,sell,-1.0,11.0,10.0,Mark 14->Mark 38,wide,0.8927125506072875,9.107287449392713
362700,Mark 14,Mark 38,HYDROGEL_PACK,XIRECS,9961.0,3,1,9969.0,9961,9977,16,9969.0,sell,4.0,0.0,-12.0,Mark 14->Mark 38,wide,0.8927125506072875,-12.892712550607287
363100,Mark 38,Mark 14,HYDROGEL_PACK,XIRECS,9983.0,4,1,9975.0,9967,9983,16,9975.0,buy,-8.0,-2.0,-15.0,Mark 38->Mark 14,wide,-0.49504950495049505,-14.504950495049505
364800,Mark 38,Mark 14,HYDROGEL_PACK,XIRECS,9978.0,5,1,9970.0,9962,9978,16,9970.0,buy,1.5,-8.0,-13.0,Mark 38->Mark 14,wide,-0.49504950495049505,-12.504950495049505
364900,Mark 14,Mark 55,VELVETFRUIT_EXTRACT,XIRECS,5251.0,7,1,5253.5,5251,5256,5,5253.5,sell,0.0,-2.0,-2.0,Mark 14->Mark 55,med,-1.3636363636363635,-0.6363636363636365
365000,Mark 14,Mark 38,VEV_4000,XIRECS,1242.0,2,1,1252.5,1242,1263,21,1252.5,sell,1.0,-2.0,-1.0,Mark 14->Mark 38,wide,-0.10606060606060606,-0.8939393939393939
365600,Mark 14,Mark 55,VELVETFRUIT_EXTRACT,XIRECS,5250.0,8,1,5252.5,5250,5255,5,5252.5,sell,-3.5,-2.5,-3.0,Mark 14->Mark 55,med,-1.3636363636363635,-1.6363636363636365
367900,Mark 67,Mark 22,VELVETFRUIT_EXTRACT,XIRECS,5248.0,5,1,5247.0,5246,5248,2,5247.0,buy,5.0,4.5,1.5,Mark 67->Mark 22,tight,0.7266666666666667,0.7733333333333333
368500,Mark 38,Mark 14,HYDROGEL_PACK,XIRECS,9983.0,6,1,9975.0,9967,9983,16,9975.0,buy,-6.0,-7.0,-16.0,Mark 38->Mark 14,wide,-0.49504950495049505,-15.504950495049505
371400,Mark 14,Mark 38,HYDROGEL_PACK,XIRECS,9953.0,2,1,9961.0,9953,9969,16,9961.0,sell,5.0,1.0,-18.0,Mark 14->Mark 38,wide,0.8927125506072875,-18.89271255060729
373400,Mark 38,Mark 14,HYDROGEL_PACK,XIRECS,9970.0,3,1,9962.0,9954,9970,16,9962.0,buy,1.0,-6.0,-27.0,Mark 38->Mark 14,wide,-0.49504950495049505,-26.504950495049506
373700,Mark 14,Mark 38,HYDROGEL_PACK,XIRECS,9954.0,5,1,9962.0,9954,9970,16,9962.0,sell,-1.0,-1.0,-22.5,Mark 14->Mark 38,wide,0.8927125506072875,-23.39271255060729
374100,Mark 14,Mark 55,VELVETFRUIT_EXTRACT,XIRECS,5253.0,6,1,5255.5,5253,5258,5,5255.5,sell,-1.5,-8.0,-6.0,Mark 14->Mark 55,med,-1.3636363636363635,-4.636363636363637
374400,Mark 14,Mark 55,VELVETFRUIT_EXTRACT,XIRECS,5253.0,4,1,5255.5,5253,5258,5,5255.5,sell,-4.0,-8.0,-7.0,Mark 14->Mark 55,med,-1.3636363636363635,-5.636363636363637
374800,Mark 14,Mark 38,VEV_4000,XIRECS,1242.0,3,1,1252.5,1242,1263,21,1252.5,sell,-1.0,-6.0,-3.0,Mark 14->Mark 38,wide,-0.10606060606060606,-2.893939393939394
375100,Mark 14,Mark 38,HYDROGEL_PACK,XIRECS,9947.0,2,1,9955.0,9947,9963,16,9955.0,sell,6.0,10.0,-17.0,Mark 14->Mark 38,wide,0.8927125506072875,-17.89271255060729
376300,Mark 14,Mark 38,VEV_4000,XIRECS,1236.0,2,1,1246.5,1236,1257,21,1246.5,sell,0.0,3.0,-2.0,Mark 14->Mark 38,wide,-0.10606060606060606,-1.893939393939394
376600,Mark 01,Mark 22,VEV_5300,XIRECS,46.0,5,1,47.0,46,48,2,47.0,sell,1.0,0.5,-0.5,Mark 01->Mark 22,tight,0.026717557251908396,-0.5267175572519084
376600,Mark 01,Mark 22,VEV_5400,XIRECS,15.0,5,1,15.5,15,16,1,15.5,sell,1.0,0.5,0.0,Mark 01->Mark 22,tight,0.0038461538461538464,-0.0038461538461538464
376600,Mark 01,Mark 22,VEV_5500,XIRECS,6.0,5,1,6.5,6,7,1,6.5,sell,0.5,0.0,0.0,Mark 01->Mark 22,tight,-0.02356902356902357,0.02356902356902357
376600,Mark 01,Mark 22,VEV_6000,XIRECS,0.0,5,1,0.5,0,1,1,0.5,sell,0.0,0.0,0.0,Mark 01->Mark 22,tight,0.0,0.0
376600,Mark 01,Mark 22,VEV_6500,XIRECS,0.0,5,1,0.5,0,1,1,0.5,sell,0.0,0.0,0.0,Mark 01->Mark 22,tight,0.0,0.0
377900,Mark 14,Mark 22,VEV_5300,XIRECS,47.0,2,1,48.0,47,49,2,48.0,sell,0.0,1.0,-1.5,Mark 14->Mark 22,tight,0.6206896551724138,-2.1206896551724137
377900,Mark 01,Mark 22,VEV_5500,XIRECS,6.0,2,1,6.5,6,7,1,6.5,sell,0.5,1.0,0.0,Mark 01->Mark 22,tight,-0.02356902356902357,0.02356902356902357
377900,Mark 01,Mark 22,VEV_6000,XIRECS,0.0,2,1,0.5,0,1,1,0.5,sell,0.0,0.0,0.0,Mark 01->Mark 22,tight,0.0,0.0
377900,Mark 01,Mark 22,VEV_6500,XIRECS,0.0,2,1,0.5,0,1,1,0.5,sell,0.0,0.0,0.0,Mark 01->Mark 22,tight,0.0,0.0
380100,Mark 38,Mark 14,HYDROGEL_PACK,XIRECS,9957.0,6,1,9949.0,9941,9957,16,9949.0,buy,-12.0,-14.0,-3.5,Mark 38->Mark 14,wide,-0.49504950495049505,-3.004950495049505
380700,Mark 38,Mark 14,HYDROGEL_PACK,XIRECS,9948.0,4,1,9940.0,9932,9948,16,9940.0,buy,2.0,-8.5,5.5,Mark 38->Mark 14,wide,-0.49504950495049505,5.9950495049504955
380900,Mark 01,Mark 55,VELVETFRUIT_EXTRACT,XIRECS,5250.0,8,1,5253.0,5250,5256,6,5253.0,sell,1.5,-2.5,-7.5,Mark 01->Mark 55,med,-0.6847389558232931,-6.815261044176707
381700,Mark 55,Mark 14,VELVETFRUIT_EXTRACT,XIRECS,5255.0,8,1,5252.5,5250,5255,5,5252.5,buy,0.0,-4.0,-10.0,Mark 55->Mark 14,med,1.0815384615384616,-11.081538461538461
383300,Mark 38,Mark 14,HYDROGEL_PACK,XIRECS,9945.0,5,1,9937.0,9929,9945,16,9937.0,buy,2.0,3.0,18.0,Mark 38->Mark 14,wide,-0.49504950495049505,18.495049504950494
383600,Mark 38,Mark 14,HYDROGEL_PACK,XIRECS,9948.0,4,1,9940.0,9932,9948,16,9940.0,buy,1.0,-8.0,13.0,Mark 38->Mark 14,wide,-0.49504950495049505,13.495049504950495
383700,Mark 14,Mark 55,VELVETFRUIT_EXTRACT,XIRECS,5246.0,7,1,5248.5,5246,5251,5,5248.5,sell,1.0,1.0,-5.0,Mark 14->Mark 55,med,-1.3636363636363635,-3.6363636363636367
384200,Mark 14,Mark 38,VEV_4000,XIRECS,1239.0,1,1,1249.5,1239,1260,21,1249.5,sell,-2.0,-5.0,-4.0,Mark 14->Mark 38,wide,-0.10606060606060606,-3.893939393939394
384500,Mark 14,Mark 38,VEV_4000,XIRECS,1238.0,3,1,1248.5,1238,1259,21,1248.5,sell,0.0,-3.0,-8.5,Mark 14->Mark 38,wide,-0.10606060606060606,-8.393939393939394
385800,Mark 38,Mark 14,HYDROGEL_PACK,XIRECS,9943.0,6,1,9935.0,9927,9943,16,9935.0,buy,-1.0,6.0,9.0,Mark 38->Mark 14,wide,-0.49504950495049505,9.495049504950495
385900,Mark 14,Mark 55,VELVETFRUIT_EXTRACT,XIRECS,5245.0,3,1,5247.5,5245,5250,5,5247.5,sell,-2.5,-1.0,-4.0,Mark 14->Mark 55,med,-1.3636363636363635,-2.6363636363636367
386000,Mark 14,Mark 55,VELVETFRUIT_EXTRACT,XIRECS,5244.0,8,1,5246.5,5244,5249,5,5246.5,sell,-1.0,0.0,-3.0,Mark 14->Mark 55,med,-1.3636363636363635,-1.6363636363636365
386800,Mark 38,Mark 14,VEV_4000,XIRECS,1257.0,2,1,1246.5,1236,1257,21,1246.5,buy,0.0,-1.0,-5.0,Mark 38->Mark 14,wide,-0.4064039408866995,-4.593596059113301
390100,Mark 67,Mark 49,VELVETFRUIT_EXTRACT,XIRECS,5244.0,10,1,5243.0,5242,5244,2,5243.0,buy,1.5,1.5,-0.5,Mark 67->Mark 49,tight,1.9204545454545454,-2.4204545454545454
390800,Mark 14,Mark 38,VEV_4000,XIRECS,1233.0,3,1,1243.5,1233,1254,21,1243.5,sell,1.0,0.0,2.0,Mark 14->Mark 38,wide,-0.10606060606060606,2.106060606060606
392300,Mark 14,Mark 55,VELVETFRUIT_EXTRACT,XIRECS,5242.0,5,1,5244.5,5242,5247,5,5244.5,sell,-1.0,-5.0,-4.0,Mark 14->Mark 55,med,-1.3636363636363635,-2.6363636363636367
393000,Mark 01,Mark 55,VELVETFRUIT_EXTRACT,XIRECS,5242.0,4,1,5244.5,5242,5247,5,5244.5,sell,-0.5,-3.5,-1.0,Mark 01->Mark 55,med,-0.6847389558232931,-0.31526104417670686
393900,Mark 01,Mark 55,VELVETFRUIT_EXTRACT,XIRECS,5241.0,6,1,5242.0,5241,5243,2,5242.0,sell,-3.0,1.5,1.5,Mark 01->Mark 55,tight,0.5,1.0
394700,Mark 14,Mark 55,VELVETFRUIT_EXTRACT,XIRECS,5237.0,8,1,5239.5,5237,5242,5,5239.5,sell,0.0,3.0,4.0,Mark 14->Mark 55,med,-1.3636363636363635,5.363636363636363
394800,Mark 14,Mark 38,HYDROGEL_PACK,XIRECS,9941.0,5,1,9949.0,9941,9957,16,9949.0,sell,-2.0,-2.0,-20.0,Mark 14->Mark 38,wide,0.8927125506072875,-20.89271255060729
396000,Mark 55,Mark 01,VELVETFRUIT_EXTRACT,XIRECS,5246.0,8,1,5243.5,5241,5246,5,5243.5,buy,-2.0,-3.0,-2.5,Mark 55->Mark 01,med,-0.17418032786885246,-2.3258196721311477
396200,Mark 01,Mark 55,VELVETFRUIT_EXTRACT,XIRECS,5240.0,7,1,5242.5,5240,5245,5,5242.5,sell,0.0,-4.0,0.0,Mark 01->Mark 55,med,-0.6847389558232931,0.6847389558232931
396300,Mark 38,Mark 14,HYDROGEL_PACK,XIRECS,9956.0,4,1,9948.5,9941,9956,15,9948.5,buy,-1.5,-12.5,-10.5,Mark 38->Mark 14,wide,-0.49504950495049505,-10.004950495049505
397800,Mark 38,Mark 14,HYDROGEL_PACK,XIRECS,9950.0,4,1,9942.0,9934,9950,16,9942.0,buy,-6.0,1.0,-8.0,Mark 38->Mark 14,wide,-0.49504950495049505,-7.5049504950495045
398400,Mark 14,Mark 55,VELVETFRUIT_EXTRACT,XIRECS,5235.0,6,1,5237.5,5235,5240,5,5237.5,sell,1.0,6.0,1.0,Mark 14->Mark 55,med,-1.3636363636363635,2.3636363636363633
399700,Mark 01,Mark 22,VEV_5400,XIRECS,14.0,5,1,14.5,14,15,1,14.5,sell,0.0,1.0,-1.0,Mark 01->Mark 22,tight,0.0038461538461538464,-1.0038461538461538
399700,Mark 01,Mark 22,VEV_5500,XIRECS,6.0,5,1,6.5,6,7,1,6.5,sell,0.0,0.0,-1.0,Mark 01->Mark 22,tight,-0.02356902356902357,-0.9764309764309764
399700,Mark 01,Mark 22,VEV_6000,XIRECS,0.0,5,1,0.5,0,1,1,0.5,sell,0.0,0.0,0.0,Mark 01->Mark 22,tight,0.0,0.0
399700,Mark 01,Mark 22,VEV_6500,XIRECS,0.0,5,1,0.5,0,1,1,0.5,sell,0.0,0.0,0.0,Mark 01->Mark 22,tight,0.0,0.0
399900,Mark 14,Mark 38,VEV_4000,XIRECS,1231.0,1,1,1241.5,1231,1252,21,1241.5,sell,2.0,3.0,-7.0,Mark 14->Mark 38,wide,-0.10606060606060606,-6.893939393939394
400100,Mark 14,Mark 55,VELVETFRUIT_EXTRACT,XIRECS,5240.0,8,1,5242.5,5240,5245,5,5242.5,sell,1.0,1.0,-6.0,Mark 14->Mark 55,med,-1.3636363636363635,-4.636363636363637
401900,Mark 01,Mark 55,VELVETFRUIT_EXTRACT,XIRECS,5242.0,8,1,5244.5,5242,5247,5,5244.5,sell,-2.0,-1.0,-11.0,Mark 01->Mark 55,med,-0.6847389558232931,-10.315261044176706
402400,Mark 14,Mark 55,VELVETFRUIT_EXTRACT,XIRECS,5240.0,6,1,5242.5,5240,5245,5,5242.5,sell,1.5,1.5,-7.0,Mark 14->Mark 55,med,-1.3636363636363635,-5.636363636363637
403500,Mark 01,Mark 55,VELVETFRUIT_EXTRACT,XIRECS,5239.0,8,1,5241.5,5239,5244,5,5241.5,sell,1.5,1.5,-6.5,Mark 01->Mark 55,med,-0.6847389558232931,-5.815261044176707
403600,Mark 14,Mark 38,HYDROGEL_PACK,XIRECS,9922.0,6,1,9930.0,9922,9938,16,9930.0,sell,-2.0,0.0,20.0,Mark 14->Mark 38,wide,0.8927125506072875,19.10728744939271
404200,Mark 55,Mark 14,VELVETFRUIT_EXTRACT,XIRECS,5247.0,4,1,5244.5,5242,5247,5,5244.5,buy,-1.0,-2.0,-8.5,Mark 55->Mark 14,med,1.0815384615384616,-9.581538461538461
406400,Mark 55,Mark 14,VELVETFRUIT_EXTRACT,XIRECS,5246.0,5,1,5243.5,5241,5246,5,5243.5,buy,-0.5,-5.0,-10.0,Mark 55->Mark 14,med,1.0815384615384616,-11.081538461538461
409300,Mark 14,Mark 38,HYDROGEL_PACK,XIRECS,9929.0,6,1,9937.0,9929,9945,16,9937.0,sell,6.0,5.0,10.0,Mark 14->Mark 38,wide,0.8927125506072875,9.107287449392713
410400,Mark 01,Mark 22,VEV_5400,XIRECS,13.0,3,1,13.5,13,14,1,13.5,sell,0.0,0.0,-1.0,Mark 01->Mark 22,tight,0.0038461538461538464,-1.0038461538461538
410400,Mark 01,Mark 22,VEV_5500,XIRECS,5.0,3,1,5.5,5,6,1,5.5,sell,0.0,0.0,-0.5,Mark 01->Mark 22,tight,-0.02356902356902357,-0.4764309764309764
410400,Mark 01,Mark 22,VEV_6000,XIRECS,0.0,3,1,0.5,0,1,1,0.5,sell,0.0,0.0,0.0,Mark 01->Mark 22,tight,0.0,0.0
410400,Mark 01,Mark 22,VEV_6500,XIRECS,0.0,3,1,0.5,0,1,1,0.5,sell,0.0,0.0,0.0,Mark 01->Mark 22,tight,0.0,0.0
410600,Mark 55,Mark 14,VELVETFRUIT_EXTRACT,XIRECS,5239.0,6,1,5236.5,5234,5239,5,5236.5,buy,-1.5,-1.0,-11.0,Mark 55->Mark 14,med,1.0815384615384616,-12.081538461538461
411000,Mark 38,Mark 14,HYDROGEL_PACK,XIRECS,9951.0,4,1,9943.0,9935,9951,16,9943.0,buy,2.0,8.0,5.0,Mark 38->Mark 14,wide,-0.49504950495049505,5.4950495049504955
411200,Mark 55,Mark 01,VELVETFRUIT_EXTRACT,XIRECS,5236.0,7,1,5233.5,5231,5236,5,5233.5,buy,0.0,0.5,-6.0,Mark 55->Mark 01,med,-0.17418032786885246,-5.825819672131147
411300,Mark 55,Mark 01,VELVETFRUIT_EXTRACT,XIRECS,5236.0,7,1,5233.5,5231,5236,5,5233.5,buy,-1.0,0.0,-4.5,Mark 55->Mark 01,med,-0.17418032786885246,-4.325819672131147
411400,Mark 38,Mark 14,HYDROGEL_PACK,XIRECS,9952.0,3,1,9944.0,9936,9952,16,9944.0,buy,-2.0,3.0,11.0,Mark 38->Mark 14,wide,-0.49504950495049505,11.495049504950495
412300,Mark 38,Mark 14,HYDROGEL_PACK,XIRECS,9953.0,2,1,9945.0,9937,9953,16,9945.0,buy,5.0,5.0,9.0,Mark 38->Mark 14,wide,-0.49504950495049505,9.495049504950495
414000,Mark 38,Mark 14,HYDROGEL_PACK,XIRECS,9962.0,2,1,9954.0,9946,9962,16,9954.0,buy,1.0,0.0,1.0,Mark 38->Mark 14,wide,-0.49504950495049505,1.495049504950495
414400,Mark 14,Mark 38,HYDROGEL_PACK,XIRECS,9945.0,3,1,9953.0,9945,9961,16,9953.0,sell,-4.0,1.0,-3.5,Mark 14->Mark 38,wide,0.8927125506072875,-4.392712550607287
414800,Mark 14,Mark 38,HYDROGEL_PACK,XIRECS,9940.0,3,1,9948.0,9940,9956,16,9948.0,sell,8.5,13.0,7.5,Mark 14->Mark 38,wide,0.8927125506072875,6.607287449392713
415700,Mark 55,Mark 14,VELVETFRUIT_EXTRACT,XIRECS,5234.0,3,1,5231.5,5229,5234,5,5231.5,buy,2.0,0.0,4.0,Mark 55->Mark 14,med,1.0815384615384616,2.918461538461538
419700,Mark 38,Mark 14,VEV_4000,XIRECS,1241.0,1,1,1230.5,1220,1241,21,1230.5,buy,-3.0,-2.0,0.0,Mark 38->Mark 14,wide,-0.4064039408866995,0.4064039408866995
419900,Mark 55,Mark 01,VELVETFRUIT_EXTRACT,XIRECS,5231.0,6,1,5228.5,5226,5231,5,5228.5,buy,-1.5,0.5,2.0,Mark 55->Mark 01,med,-0.17418032786885246,2.1741803278688523
421500,Mark 14,Mark 38,HYDROGEL_PACK,XIRECS,9946.0,3,1,9954.0,9946,9962,16,9954.0,sell,-3.0,2.0,-17.0,Mark 14->Mark 38,wide,0.8927125506072875,-17.89271255060729
424500,Mark 55,Mark 14,VELVETFRUIT_EXTRACT,XIRECS,5235.0,7,1,5232.5,5230,5235,5,5232.5,buy,2.0,2.0,-2.0,Mark 55->Mark 14,med,1.0815384615384616,-3.081538461538462
425400,Mark 38,Mark 14,VEV_4000,XIRECS,1246.0,1,1,1236.0,1226,1246,20,1236.0,buy,-2.0,-1.0,-2.0,Mark 38->Mark 14,wide,-0.4064039408866995,-1.5935960591133005
426800,Mark 14,Mark 55,VELVETFRUIT_EXTRACT,XIRECS,5232.0,8,1,5234.5,5232,5237,5,5234.5,sell,0.0,-3.5,0.5,Mark 14->Mark 55,med,-1.3636363636363635,1.8636363636363635
427000,Mark 14,Mark 38,HYDROGEL_PACK,XIRECS,9950.0,2,1,9958.0,9950,9966,16,9958.0,sell,-5.0,-16.0,-34.0,Mark 14->Mark 38,wide,0.8927125506072875,-34.892712550607285
427600,Mark 55,Mark 14,VELVETFRUIT_EXTRACT,XIRECS,5237.0,8,1,5234.5,5232,5237,5,5234.5,buy,-3.0,-4.0,-3.0,Mark 55->Mark 14,med,1.0815384615384616,-4.081538461538462
428000,Mark 01,Mark 22,VEV_5400,XIRECS,13.0,2,1,13.5,13,14,1,13.5,sell,0.0,0.0,0.0,Mark 01->Mark 22,tight,0.0038461538461538464,-0.0038461538461538464
428000,Mark 01,Mark 22,VEV_5500,XIRECS,5.0,2,1,5.5,5,6,1,5.5,sell,-0.5,0.0,0.0,Mark 01->Mark 22,tight,-0.02356902356902357,0.02356902356902357
428000,Mark 01,Mark 22,VEV_6000,XIRECS,0.0,2,1,0.5,0,1,1,0.5,sell,0.0,0.0,0.0,Mark 01->Mark 22,tight,0.0,0.0
428000,Mark 01,Mark 22,VEV_6500,XIRECS,0.0,2,1,0.5,0,1,1,0.5,sell,0.0,0.0,0.0,Mark 01->Mark 22,tight,0.0,0.0
430200,Mark 55,Mark 14,VELVETFRUIT_EXTRACT,XIRECS,5230.0,3,1,5227.5,5225,5230,5,5227.5,buy,0.0,2.0,7.0,Mark 55->Mark 14,med,1.0815384615384616,5.918461538461538
431000,Mark 55,Mark 01,VELVETFRUIT_EXTRACT,XIRECS,5233.0,5,1,5230.5,5228,5233,5,5230.5,buy,-1.5,1.0,5.0,Mark 55->Mark 01,med,-0.17418032786885246,5.174180327868853
431700,Mark 55,Mark 14,VELVETFRUIT_EXTRACT,XIRECS,5233.0,4,1,5230.5,5228,5233,5,5230.5,buy,-1.0,1.0,2.0,Mark 55->Mark 14,med,1.0815384615384616,0.9184615384615384
432100,Mark 55,Mark 14,VELVETFRUIT_EXTRACT,XIRECS,5234.0,3,1,5231.5,5229,5234,5,5231.5,buy,-2.5,-1.5,2.0,Mark 55->Mark 14,med,1.0815384615384616,0.9184615384615384
435300,Mark 01,Mark 55,VELVETFRUIT_EXTRACT,XIRECS,5225.0,8,1,5227.5,5225,5230,5,5227.5,sell,4.0,5.5,17.0,Mark 01->Mark 55,med,-0.6847389558232931,17.684738955823292
436200,Mark 38,Mark 14,HYDROGEL_PACK,XIRECS,9935.0,5,1,9927.0,9919,9935,16,9927.0,buy,-1.0,-0.5,-5.0,Mark 38->Mark 14,wide,-0.49504950495049505,-4.5049504950495045
437100,Mark 38,Mark 22,VEV_4000,XIRECS,1233.0,1,1,1228.0,1223,1233,10,1228.0,buy,4.0,10.5,24.5,Mark 38->Mark 22,wide,15.5,9.0
437100,Mark 38,Mark 22,VEV_4500,XIRECS,733.0,1,1,729.5,726,733,7,729.5,buy,2.5,9.0,22.5,Mark 38->Mark 22,wide,13.5,9.0
437100,Mark 38,Mark 22,VEV_5000,XIRECS,238.0,1,1,237.0,236,238,2,237.0,buy,0.5,7.0,20.0,Mark 38->Mark 22,tight,11.0,9.0
437100,Mark 38,Mark 22,VEV_5100,XIRECS,152.0,1,1,151.0,150,152,2,151.0,buy,0.0,5.5,17.0,Mark 38->Mark 22,tight,9.25,7.75
437100,Mark 38,Mark 22,VEV_5200,XIRECS,87.0,1,1,86.5,86,87,1,86.5,buy,0.0,3.5,12.0,Mark 38->Mark 22,tight,6.5,5.5
437100,Mark 38,Mark 22,VEV_5300,XIRECS,41.0,1,1,40.5,40,41,1,40.5,buy,0.5,2.5,8.0,Mark 38->Mark 22,tight,8.0,0.0
437100,Mark 01,Mark 22,VEV_5400,XIRECS,13.0,4,1,13.5,13,14,1,13.5,sell,0.0,1.0,3.0,Mark 01->Mark 22,tight,0.0038461538461538464,2.996153846153846
437100,Mark 01,Mark 22,VEV_5500,XIRECS,5.0,4,1,5.5,5,6,1,5.5,sell,0.0,0.0,1.0,Mark 01->Mark 22,tight,-0.02356902356902357,1.0235690235690236
437100,Mark 01,Mark 22,VEV_6000,XIRECS,0.0,4,1,0.5,0,1,1,0.5,sell,0.0,0.0,0.0,Mark 01->Mark 22,tight,0.0,0.0
437100,Mark 01,Mark 22,VEV_6500,XIRECS,0.0,4,1,0.5,0,1,1,0.5,sell,0.0,0.0,0.0,Mark 01->Mark 22,tight,0.0,0.0
438000,Mark 01,Mark 55,VELVETFRUIT_EXTRACT,XIRECS,5230.0,7,1,5233.0,5230,5236,6,5233.0,sell,3.5,2.5,18.5,Mark 01->Mark 55,med,-0.6847389558232931,19.184738955823292
440300,Mark 38,Mark 14,HYDROGEL_PACK,XIRECS,9922.0,2,1,9914.0,9906,9922,16,9914.0,buy,2.0,5.0,26.0,Mark 38->Mark 14,wide,-0.49504950495049505,26.495049504950494
441300,Mark 14,Mark 38,HYDROGEL_PACK,XIRECS,9902.0,2,1,9910.0,9902,9918,16,9910.0,sell,3.0,7.0,33.0,Mark 14->Mark 38,wide,0.8927125506072875,32.107287449392715
443600,Mark 14,Mark 38,HYDROGEL_PACK,XIRECS,9908.0,2,1,9916.0,9908,9924,16,9916.0,sell,3.0,0.0,21.0,Mark 14->Mark 38,wide,0.8927125506072875,20.10728744939271
444000,Mark 14,Mark 38,VEV_4000,XIRECS,1230.0,3,1,1240.5,1230,1251,21,1240.5,sell,1.0,7.0,10.0,Mark 14->Mark 38,wide,-0.10606060606060606,10.106060606060606
444300,Mark 01,Mark 55,VELVETFRUIT_EXTRACT,XIRECS,5238.0,7,1,5240.5,5238,5243,5,5240.5,sell,1.0,8.0,9.0,Mark 01->Mark 55,med,-0.6847389558232931,9.684738955823294
445900,Mark 55,Mark 14,VELVETFRUIT_EXTRACT,XIRECS,5249.0,4,1,5246.5,5244,5249,5,5246.5,buy,2.0,7.0,0.0,Mark 55->Mark 14,med,1.0815384615384616,-1.0815384615384616
448100,Mark 55,Mark 01,VELVETFRUIT_EXTRACT,XIRECS,5254.0,3,1,5251.5,5249,5254,5,5251.5,buy,-1.5,-5.0,-7.5,Mark 55->Mark 01,med,-0.17418032786885246,-7.325819672131147
448700,Mark 14,Mark 38,VEV_4000,XIRECS,1238.0,3,1,1248.5,1238,1259,21,1248.5,sell,-3.0,0.0,-3.0,Mark 14->Mark 38,wide,-0.10606060606060606,-2.893939393939394
450000,Mark 14,Mark 38,HYDROGEL_PACK,XIRECS,9932.0,5,1,9940.0,9932,9948,16,9940.0,sell,2.0,-4.0,-16.0,Mark 14->Mark 38,wide,0.8927125506072875,-16.89271255060729
453500,Mark 01,Mark 55,VELVETFRUIT_EXTRACT,XIRECS,5245.0,8,1,5248.0,5245,5251,6,5248.0,sell,3.5,-2.0,3.5,Mark 01->Mark 55,med,-0.6847389558232931,4.184738955823293
453600,Mark 55,Mark 01,VELVETFRUIT_EXTRACT,XIRECS,5252.0,4,1,5249.5,5247,5252,5,5249.5,buy,0.0,-2.5,3.0,Mark 55->Mark 01,med,-0.17418032786885246,3.1741803278688523
454800,Mark 01,Mark 55,VELVETFRUIT_EXTRACT,XIRECS,5245.0,3,1,5248.0,5245,5251,6,5248.0,sell,-1.5,-5.5,5.0,Mark 01->Mark 55,med,-0.6847389558232931,5.684738955823293
455200,Mark 01,Mark 55,VELVETFRUIT_EXTRACT,XIRECS,5244.0,6,1,5247.0,5244,5250,6,5247.0,sell,0.5,-4.5,3.5,Mark 01->Mark 55,med,-0.6847389558232931,4.184738955823293
455400,Mark 38,Mark 14,VEV_4000,XIRECS,1257.0,1,1,1246.5,1236,1257,21,1246.5,buy,0.0,-4.0,7.0,Mark 38->Mark 14,wide,-0.4064039408866995,7.406403940886699
455700,Mark 01,Mark 22,VEV_5400,XIRECS,15.0,4,1,15.5,15,16,1,15.5,sell,0.0,-1.0,1.5,Mark 01->Mark 22,tight,0.0038461538461538464,1.4961538461538462
455700,Mark 01,Mark 22,VEV_5500,XIRECS,6.0,4,1,6.5,6,7,1,6.5,sell,0.0,-0.5,0.5,Mark 01->Mark 22,tight,-0.02356902356902357,0.5235690235690236
455700,Mark 01,Mark 22,VEV_6000,XIRECS,0.0,4,1,0.5,0,1,1,0.5,sell,0.0,0.0,0.0,Mark 01->Mark 22,tight,0.0,0.0
455700,Mark 01,Mark 22,VEV_6500,XIRECS,0.0,4,1,0.5,0,1,1,0.5,sell,0.0,0.0,0.0,Mark 01->Mark 22,tight,0.0,0.0
457700,Mark 14,Mark 38,HYDROGEL_PACK,XIRECS,9914.0,4,1,9922.0,9914,9930,16,9922.0,sell,0.0,7.5,12.0,Mark 14->Mark 38,wide,0.8927125506072875,11.107287449392713
458400,Mark 55,Mark 14,VELVETFRUIT_EXTRACT,XIRECS,5248.0,3,1,5245.5,5243,5248,5,5245.5,buy,0.5,5.0,4.0,Mark 55->Mark 14,med,1.0815384615384616,2.918461538461538
459900,Mark 55,Mark 01,VELVETFRUIT_EXTRACT,XIRECS,5252.0,8,1,5249.5,5247,5252,5,5249.5,buy,1.0,6.0,2.0,Mark 55->Mark 01,med,-0.17418032786885246,2.1741803278688523
459900,Mark 14,Mark 38,VEV_4000,XIRECS,1239.0,2,1,1249.5,1239,1260,21,1249.5,sell,-4.5,6.0,2.0,Mark 14->Mark 38,wide,-0.10606060606060606,2.106060606060606
460400,Mark 01,Mark 22,VEV_5300,XIRECS,47.0,3,1,48.0,47,49,2,48.0,sell,1.0,2.0,1.5,Mark 01->Mark 22,tight,0.026717557251908396,1.4732824427480915
460400,Mark 14,Mark 22,VEV_5400,XIRECS,16.0,3,1,16.5,16,17,1,16.5,sell,0.0,1.0,0.5,Mark 14->Mark 22,tight,-0.8846153846153846,1.3846153846153846
460400,Mark 01,Mark 22,VEV_5500,XIRECS,6.0,3,1,6.5,6,7,1,6.5,sell,0.0,1.0,0.5,Mark 01->Mark 22,tight,-0.02356902356902357,0.5235690235690236
460400,Mark 01,Mark 22,VEV_6000,XIRECS,0.0,3,1,0.5,0,1,1,0.5,sell,0.0,0.0,0.0,Mark 01->Mark 22,tight,0.0,0.0
460400,Mark 01,Mark 22,VEV_6500,XIRECS,0.0,3,1,0.5,0,1,1,0.5,sell,0.0,0.0,0.0,Mark 01->Mark 22,tight,0.0,0.0
460700,Mark 55,Mark 14,VELVETFRUIT_EXTRACT,XIRECS,5254.0,6,1,5251.5,5249,5254,5,5251.5,buy,0.5,4.0,2.5,Mark 55->Mark 14,med,1.0815384615384616,1.4184615384615384
462300,Mark 55,Mark 01,VELVETFRUIT_EXTRACT,XIRECS,5259.0,8,1,5256.0,5253,5259,6,5256.0,buy,0.5,-3.0,-4.5,Mark 55->Mark 01,med,-0.17418032786885246,-4.325819672131147
462500,Mark 38,Mark 14,HYDROGEL_PACK,XIRECS,9932.0,2,1,9924.0,9916,9932,16,9924.0,buy,-2.0,-13.0,14.0,Mark 38->Mark 14,wide,-0.49504950495049505,14.495049504950495
464200,Mark 14,Mark 38,VEV_4000,XIRECS,1241.0,1,1,1251.5,1241,1262,21,1251.5,sell,2.0,3.0,4.0,Mark 14->Mark 38,wide,-0.10606060606060606,4.106060606060606
465300,Mark 55,Mark 14,VELVETFRUIT_EXTRACT,XIRECS,5255.0,8,1,5252.5,5250,5255,5,5252.5,buy,2.0,-2.0,1.0,Mark 55->Mark 14,med,1.0815384615384616,-0.08153846153846156
468000,Mark 01,Mark 55,VELVETFRUIT_EXTRACT,XIRECS,5247.0,3,1,5249.5,5247,5252,5,5249.5,sell,1.0,4.5,6.0,Mark 01->Mark 55,med,-0.6847389558232931,6.684738955823293
