timestamp,buyer,seller,symbol,currency,price,quantity,day,mid,bid1,ask1,spread,mid0,aggr,fwd_5,fwd_20,fwd_100,pair,regime,baseline,residual
4500,Mark 01,Mark 22,VEV_5400,XIRECS,18.0,2,1,18.5,18,19,1,18.5,sell,-0.5,-0.5,-3.5,Mark 01->Mark 22,tight,0.028846153846153848,-0.5288461538461539
4500,Mark 01,Mark 22,VEV_5500,XIRECS,8.0,2,1,8.5,8,9,1,8.5,sell,0.0,-0.5,-2.0,Mark 01->Mark 22,tight,0.021885521885521887,-0.5218855218855218
4500,Mark 01,Mark 22,VEV_6000,XIRECS,0.0,2,1,0.5,0,1,1,0.5,sell,0.0,0.0,0.0,Mark 01->Mark 22,tight,0.0,0.0
4500,Mark 01,Mark 22,VEV_6500,XIRECS,0.0,2,1,0.5,0,1,1,0.5,sell,0.0,0.0,0.0,Mark 01->Mark 22,tight,0.0,0.0
5100,Mark 38,Mark 22,HYDROGEL_PACK,XIRECS,9960.0,4,1,9956.0,9952,9960,8,9956.0,buy,-4.0,-7.0,1.0,Mark 38->Mark 22,wide,1.1428571428571428,-8.142857142857142
5300,Mark 38,Mark 14,VEV_4000,XIRECS,1264.0,2,1,1253.5,1243,1264,21,1253.5,buy,0.0,-7.0,-20.0,Mark 38->Mark 14,wide,0.17980295566502463,-7.179802955665025
6100,Mark 55,Mark 01,VELVETFRUIT_EXTRACT,XIRECS,5255.0,3,1,5252.5,5250,5255,5,5252.5,buy,-2.0,-5.0,-21.0,Mark 55->Mark 01,med,0.006147540983606557,-5.006147540983607
6200,Mark 38,Mark 14,HYDROGEL_PACK,XIRECS,9955.0,5,1,9947.0,9939,9955,16,9947.0,buy,-2.0,-2.0,9.0,Mark 38->Mark 14,wide,-0.36633663366336633,-1.6336633663366338
9400,Mark 55,Mark 49,VELVETFRUIT_EXTRACT,XIRECS,5244.0,8,1,5243.5,5243,5244,1,5243.5,buy,1.5,0.0,-15.0,Mark 55->Mark 49,tight,2.6666666666666665,-2.6666666666666665
9600,Mark 01,Mark 22,VEV_5400,XIRECS,16.0,4,1,17.0,16,18,2,17.0,sell,-0.5,-1.0,-3.5,Mark 01->Mark 22,tight,0.028846153846153848,-1.0288461538461537
9600,Mark 01,Mark 22,VEV_5500,XIRECS,7.0,4,1,7.5,7,8,1,7.5,sell,0.0,0.0,-1.0,Mark 01->Mark 22,tight,0.021885521885521887,-0.021885521885521887
9600,Mark 01,Mark 22,VEV_6000,XIRECS,0.0,4,1,0.5,0,1,1,0.5,sell,0.0,0.0,0.0,Mark 01->Mark 22,tight,0.0,0.0
9600,Mark 01,Mark 22,VEV_6500,XIRECS,0.0,4,1,0.5,0,1,1,0.5,sell,0.0,0.0,0.0,Mark 01->Mark 22,tight,0.0,0.0
10400,Mark 67,Mark 49,VELVETFRUIT_EXTRACT,XIRECS,5240.0,12,1,5239.5,5239,5240,1,5239.5,buy,4.0,2.0,-11.0,Mark 67->Mark 49,tight,1.5738636363636365,0.42613636363636354
11800,Mark 01,Mark 22,VEV_5500,XIRECS,7.0,4,1,7.5,7,8,1,7.5,sell,0.0,-1.0,-1.0,Mark 01->Mark 22,tight,0.021885521885521887,-1.0218855218855218
11800,Mark 01,Mark 22,VEV_6000,XIRECS,0.0,4,1,0.5,0,1,1,0.5,sell,0.0,0.0,0.0,Mark 01->Mark 22,tight,0.0,0.0
11800,Mark 01,Mark 22,VEV_6500,XIRECS,0.0,4,1,0.5,0,1,1,0.5,sell,0.0,0.0,0.0,Mark 01->Mark 22,tight,0.0,0.0
14300,Mark 55,Mark 01,VELVETFRUIT_EXTRACT,XIRECS,5238.0,6,1,5235.5,5233,5238,5,5235.5,buy,-1.0,-5.5,-1.0,Mark 55->Mark 01,med,0.006147540983606557,-5.506147540983607
14800,Mark 01,Mark 55,VELVETFRUIT_EXTRACT,XIRECS,5232.0,6,1,5234.5,5232,5237,5,5234.5,sell,-1.0,-4.0,-1.0,Mark 01->Mark 55,med,-0.09839357429718876,-3.9016064257028114
14800,Mark 01,Mark 22,VEV_5300,XIRECS,42.0,4,1,43.0,42,44,2,43.0,sell,0.0,-1.0,0.0,Mark 01->Mark 22,tight,-0.15267175572519084,-0.8473282442748091
14800,Mark 01,Mark 22,VEV_5400,XIRECS,14.0,4,1,15.0,14,16,2,15.0,sell,-0.5,-0.5,-0.5,Mark 01->Mark 22,tight,0.028846153846153848,-0.5288461538461539
14800,Mark 01,Mark 22,VEV_5500,XIRECS,6.0,4,1,6.5,6,7,1,6.5,sell,0.0,0.0,0.0,Mark 01->Mark 22,tight,0.021885521885521887,-0.021885521885521887
14800,Mark 01,Mark 22,VEV_6000,XIRECS,0.0,4,1,0.5,0,1,1,0.5,sell,0.0,0.0,0.0,Mark 01->Mark 22,tight,0.0,0.0
14800,Mark 01,Mark 22,VEV_6500,XIRECS,0.0,4,1,0.5,0,1,1,0.5,sell,0.0,0.0,0.0,Mark 01->Mark 22,tight,0.0,0.0
15000,Mark 38,Mark 14,HYDROGEL_PACK,XIRECS,9966.0,4,1,9958.5,9951,9966,15,9958.5,buy,-1.5,-11.5,-6.5,Mark 38->Mark 14,wide,-0.36633663366336633,-11.133663366336634
16700,Mark 14,Mark 38,VEV_4000,XIRECS,1221.0,2,1,1226.0,1221,1231,10,1226.0,sell,6.5,2.0,4.5,Mark 14->Mark 38,wide,-0.17532467532467533,2.175324675324675
16700,Mark 01,Mark 22,VEV_5300,XIRECS,41.0,2,1,42.0,41,43,2,42.0,sell,0.0,-1.0,-1.0,Mark 01->Mark 22,tight,-0.15267175572519084,-0.8473282442748091
16700,Mark 01,Mark 22,VEV_5400,XIRECS,14.0,2,1,14.5,14,15,1,14.5,sell,0.0,-1.0,-0.5,Mark 01->Mark 22,tight,0.028846153846153848,-1.0288461538461537
16700,Mark 01,Mark 22,VEV_5500,XIRECS,6.0,2,1,6.5,6,7,1,6.5,sell,0.0,-0.5,0.0,Mark 01->Mark 22,tight,0.021885521885521887,-0.5218855218855218
16700,Mark 01,Mark 22,VEV_6000,XIRECS,0.0,2,1,0.5,0,1,1,0.5,sell,0.0,0.0,0.0,Mark 01->Mark 22,tight,0.0,0.0
16700,Mark 01,Mark 22,VEV_6500,XIRECS,0.0,2,1,0.5,0,1,1,0.5,sell,0.0,0.0,0.0,Mark 01->Mark 22,tight,0.0,0.0
17300,Mark 14,Mark 38,VEV_4000,XIRECS,1221.0,1,1,1231.5,1221,1242,21,1231.5,sell,2.0,-3.0,4.0,Mark 14->Mark 38,wide,-0.17532467532467533,-2.824675324675325
17400,Mark 67,Mark 22,VELVETFRUIT_EXTRACT,XIRECS,5230.0,8,1,5229.0,5228,5230,2,5229.0,buy,4.0,-0.5,7.5,Mark 67->Mark 22,tight,2.026666666666667,-2.526666666666667
17900,Mark 38,Mark 14,VEV_4000,XIRECS,1243.0,1,1,1233.0,1223,1243,20,1233.0,buy,-3.5,-6.5,4.5,Mark 38->Mark 14,wide,0.17980295566502463,-6.679802955665025
19300,Mark 14,Mark 55,VELVETFRUIT_EXTRACT,XIRECS,5226.0,5,1,5228.5,5226,5231,5,5228.5,sell,0.0,0.0,11.0,Mark 14->Mark 55,med,-0.3265993265993266,0.3265993265993266
20200,Mark 14,Mark 55,VELVETFRUIT_EXTRACT,XIRECS,5224.0,5,1,5226.5,5224,5229,5,5226.5,sell,1.0,1.0,11.0,Mark 14->Mark 55,med,-0.3265993265993266,1.3265993265993266
22800,Mark 14,Mark 38,HYDROGEL_PACK,XIRECS,9946.0,6,1,9954.0,9946,9962,16,9954.0,sell,-3.0,-1.0,2.0,Mark 14->Mark 38,wide,0.23279352226720648,-1.2327935222672064
25700,Mark 38,Mark 14,VEV_4000,XIRECS,1241.0,3,1,1231.0,1221,1241,20,1231.0,buy,-0.5,7.5,3.0,Mark 38->Mark 14,wide,0.17980295566502463,7.320197044334975
29300,Mark 14,Mark 55,VELVETFRUIT_EXTRACT,XIRECS,5237.0,4,1,5239.5,5237,5242,5,5239.5,sell,2.0,-7.5,-5.0,Mark 14->Mark 55,med,-0.3265993265993266,-7.173400673400673
30800,Mark 14,Mark 38,HYDROGEL_PACK,XIRECS,9940.0,2,1,9948.0,9940,9956,16,9948.0,sell,-1.0,8.0,-3.0,Mark 14->Mark 38,wide,0.23279352226720648,7.767206477732794
31400,Mark 38,Mark 14,HYDROGEL_PACK,XIRECS,9953.0,3,1,9945.0,9937,9953,16,9945.0,buy,0.5,10.0,-1.0,Mark 38->Mark 14,wide,-0.36633663366336633,10.366336633663366
31700,Mark 55,Mark 01,VELVETFRUIT_EXTRACT,XIRECS,5237.0,4,1,5234.5,5232,5237,5,5234.5,buy,1.5,1.0,-6.5,Mark 55->Mark 01,med,0.006147540983606557,0.9938524590163934
32000,Mark 14,Mark 38,HYDROGEL_PACK,XIRECS,9938.0,5,1,9946.0,9938,9954,16,9946.0,sell,6.0,5.0,5.0,Mark 14->Mark 38,wide,0.23279352226720648,4.767206477732794
32600,Mark 55,Mark 01,VELVETFRUIT_EXTRACT,XIRECS,5240.0,5,1,5237.5,5235,5240,5,5237.5,buy,2.5,-2.5,-7.0,Mark 55->Mark 01,med,0.006147540983606557,-2.5061475409836067
32800,Mark 67,Mark 22,VELVETFRUIT_EXTRACT,XIRECS,5238.0,7,1,5237.0,5236,5238,2,5237.0,buy,2.5,-1.5,-5.5,Mark 67->Mark 22,tight,2.026666666666667,-3.526666666666667
33600,Mark 14,Mark 38,HYDROGEL_PACK,XIRECS,9948.0,6,1,9956.0,9948,9964,16,9956.0,sell,-6.0,-2.0,6.5,Mark 14->Mark 38,wide,0.23279352226720648,-2.2327935222672064
36200,Mark 38,Mark 14,VEV_4000,XIRECS,1244.0,3,1,1233.5,1223,1244,21,1233.5,buy,-0.5,-1.5,15.0,Mark 38->Mark 14,wide,0.17980295566502463,-1.6798029556650247
36500,Mark 22,Mark 55,VELVETFRUIT_EXTRACT,XIRECS,5232.0,7,1,5233.5,5232,5235,3,5233.5,sell,-3.0,-2.0,13.0,Mark 22->Mark 55,med,0.5277777777777778,-2.5277777777777777
37400,Mark 14,Mark 38,HYDROGEL_PACK,XIRECS,9936.0,4,1,9944.0,9936,9952,16,9944.0,sell,7.0,-1.0,25.0,Mark 14->Mark 38,wide,0.23279352226720648,-1.2327935222672064
38500,Mark 01,Mark 22,VEV_5500,XIRECS,6.0,5,1,6.5,6,7,1,6.5,sell,0.0,0.0,1.0,Mark 01->Mark 22,tight,0.021885521885521887,-0.021885521885521887
38500,Mark 01,Mark 22,VEV_6000,XIRECS,0.0,5,1,0.5,0,1,1,0.5,sell,0.0,0.0,0.0,Mark 01->Mark 22,tight,0.0,0.0
38500,Mark 01,Mark 22,VEV_6500,XIRECS,0.0,5,1,0.5,0,1,1,0.5,sell,0.0,0.0,0.0,Mark 01->Mark 22,tight,0.0,0.0
38700,Mark 01,Mark 55,VELVETFRUIT_EXTRACT,XIRECS,5228.0,8,1,5231.0,5228,5234,6,5231.0,sell,3.5,1.0,14.5,Mark 01->Mark 55,med,-0.09839357429718876,1.0983935742971886
39400,Mark 22,Mark 49,VELVETFRUIT_EXTRACT,XIRECS,5234.0,5,1,5232.5,5232,5233,1,5232.5,buy,2.0,-5.0,11.0,Mark 22->Mark 49,tight,3.5,-8.5
39400,Mark 67,Mark 49,VELVETFRUIT_EXTRACT,XIRECS,5233.0,9,1,5232.5,5232,5233,1,5232.5,buy,2.0,-5.0,11.0,Mark 67->Mark 49,tight,1.5738636363636365,-6.573863636363637
39800,Mark 01,Mark 55,VELVETFRUIT_EXTRACT,XIRECS,5232.0,4,1,5235.0,5232,5238,6,5235.0,sell,-2.0,-5.5,11.5,Mark 01->Mark 55,med,-0.09839357429718876,-5.401606425702811
40400,Mark 01,Mark 22,VEV_5300,XIRECS,41.0,4,1,42.0,41,43,2,42.0,sell,0.0,-1.0,5.0,Mark 01->Mark 22,tight,-0.15267175572519084,-0.8473282442748091
40400,Mark 01,Mark 22,VEV_5400,XIRECS,14.0,4,1,14.5,14,15,1,14.5,sell,-0.5,-0.5,2.0,Mark 01->Mark 22,tight,0.028846153846153848,-0.5288461538461539
40400,Mark 01,Mark 22,VEV_5500,XIRECS,6.0,4,1,6.5,6,7,1,6.5,sell,0.0,0.0,1.0,Mark 01->Mark 22,tight,0.021885521885521887,-0.021885521885521887
40400,Mark 01,Mark 22,VEV_6000,XIRECS,0.0,4,1,0.5,0,1,1,0.5,sell,0.0,0.0,0.0,Mark 01->Mark 22,tight,0.0,0.0
40400,Mark 01,Mark 22,VEV_6500,XIRECS,0.0,4,1,0.5,0,1,1,0.5,sell,0.0,0.0,0.0,Mark 01->Mark 22,tight,0.0,0.0
40900,Mark 38,Mark 14,HYDROGEL_PACK,XIRECS,9951.0,5,1,9943.0,9935,9951,16,9943.0,buy,1.0,10.0,36.0,Mark 38->Mark 14,wide,-0.36633663366336633,10.366336633663366
41300,Mark 38,Mark 14,HYDROGEL_PACK,XIRECS,9953.0,5,1,9945.0,9937,9953,16,9945.0,buy,1.0,14.0,31.0,Mark 38->Mark 14,wide,-0.36633663366336633,14.366336633663366
43400,Mark 01,Mark 22,VEV_5400,XIRECS,13.0,5,1,14.0,13,15,2,14.0,sell,0.5,2.0,1.5,Mark 01->Mark 22,tight,0.028846153846153848,1.9711538461538463
43400,Mark 01,Mark 22,VEV_5500,XIRECS,6.0,5,1,6.5,6,7,1,6.5,sell,0.0,0.5,1.0,Mark 01->Mark 22,tight,0.021885521885521887,0.4781144781144781
43400,Mark 01,Mark 22,VEV_6000,XIRECS,0.0,5,1,0.5,0,1,1,0.5,sell,0.0,0.0,0.0,Mark 01->Mark 22,tight,0.0,0.0
43400,Mark 01,Mark 22,VEV_6500,XIRECS,0.0,5,1,0.5,0,1,1,0.5,sell,0.0,0.0,0.0,Mark 01->Mark 22,tight,0.0,0.0
43600,Mark 01,Mark 55,VELVETFRUIT_EXTRACT,XIRECS,5229.0,4,1,5231.5,5229,5234,5,5231.5,sell,4.5,10.5,12.0,Mark 01->Mark 55,med,-0.09839357429718876,10.598393574297189
43900,Mark 14,Mark 38,HYDROGEL_PACK,XIRECS,9952.0,6,1,9960.0,9952,9968,16,9960.0,sell,7.0,9.0,6.0,Mark 14->Mark 38,wide,0.23279352226720648,8.767206477732794
45200,Mark 14,Mark 38,HYDROGEL_PACK,XIRECS,9961.0,2,1,9969.0,9961,9977,16,9969.0,sell,3.0,4.0,-23.0,Mark 14->Mark 38,wide,0.23279352226720648,3.7672064777327936
45400,Mark 67,Mark 22,VELVETFRUIT_EXTRACT,XIRECS,5241.0,8,1,5240.0,5239,5241,2,5240.0,buy,7.5,6.0,7.5,Mark 67->Mark 22,tight,2.026666666666667,3.973333333333333
47700,Mark 01,Mark 55,VELVETFRUIT_EXTRACT,XIRECS,5243.0,4,1,5244.0,5243,5245,2,5244.0,sell,0.5,1.5,3.5,Mark 01->Mark 55,tight,2.3636363636363638,-0.8636363636363638
48300,Mark 14,Mark 38,HYDROGEL_PACK,XIRECS,9960.0,3,1,9967.5,9960,9975,15,9967.5,sell,-1.5,12.5,-13.5,Mark 14->Mark 38,wide,0.23279352226720648,12.267206477732794
48900,Mark 01,Mark 55,VELVETFRUIT_EXTRACT,XIRECS,5241.0,6,1,5243.5,5241,5246,5,5243.5,sell,0.0,-0.5,2.0,Mark 01->Mark 55,med,-0.09839357429718876,-0.40160642570281124
49800,Mark 01,Mark 55,VELVETFRUIT_EXTRACT,XIRECS,5244.0,3,1,5246.5,5244,5249,5,5246.5,sell,-0.5,1.0,0.5,Mark 01->Mark 55,med,-0.09839357429718876,1.0983935742971886
50200,Mark 14,Mark 38,VEV_4000,XIRECS,1236.0,2,1,1246.5,1236,1257,21,1246.5,sell,-7.5,0.0,1.0,Mark 14->Mark 38,wide,-0.17532467532467533,0.17532467532467533
50300,Mark 38,Mark 14,VEV_4000,XIRECS,1257.0,3,1,1246.5,1236,1257,21,1246.5,buy,-3.0,1.0,1.0,Mark 38->Mark 14,wide,0.17980295566502463,0.8201970443349753
50700,Mark 01,Mark 22,VEV_5400,XIRECS,16.0,5,1,16.5,16,17,1,16.5,sell,0.0,0.5,0.0,Mark 01->Mark 22,tight,0.028846153846153848,0.47115384615384615
50700,Mark 01,Mark 22,VEV_5500,XIRECS,7.0,5,1,7.5,7,8,1,7.5,sell,0.0,0.0,0.0,Mark 01->Mark 22,tight,0.021885521885521887,-0.021885521885521887
50700,Mark 01,Mark 22,VEV_6000,XIRECS,0.0,5,1,0.5,0,1,1,0.5,sell,0.0,0.0,0.0,Mark 01->Mark 22,tight,0.0,0.0
50700,Mark 01,Mark 22,VEV_6500,XIRECS,0.0,5,1,0.5,0,1,1,0.5,sell,0.0,0.0,0.0,Mark 01->Mark 22,tight,0.0,0.0
51700,Mark 14,Mark 55,VELVETFRUIT_EXTRACT,XIRECS,5243.0,4,1,5245.5,5243,5248,5,5245.5,sell,1.0,0.0,0.0,Mark 14->Mark 55,med,-0.3265993265993266,0.3265993265993266
52400,Mark 14,Mark 38,HYDROGEL_PACK,XIRECS,9961.0,5,1,9969.0,9961,9977,16,9969.0,sell,0.0,-15.0,-29.0,Mark 14->Mark 38,wide,0.23279352226720648,-15.232793522267206
52800,Mark 01,Mark 22,VEV_5400,XIRECS,16.0,3,1,16.5,16,17,1,16.5,sell,0.0,0.0,-0.5,Mark 01->Mark 22,tight,0.028846153846153848,-0.028846153846153848
52800,Mark 01,Mark 22,VEV_5500,XIRECS,7.0,3,1,7.5,7,8,1,7.5,sell,0.0,0.0,0.0,Mark 01->Mark 22,tight,0.021885521885521887,-0.021885521885521887
52800,Mark 01,Mark 22,VEV_6000,XIRECS,0.0,3,1,0.5,0,1,1,0.5,sell,0.0,0.0,0.0,Mark 01->Mark 22,tight,0.0,0.0
52800,Mark 01,Mark 22,VEV_6500,XIRECS,0.0,3,1,0.5,0,1,1,0.5,sell,0.0,0.0,0.0,Mark 01->Mark 22,tight,0.0,0.0
53000,Mark 14,Mark 38,HYDROGEL_PACK,XIRECS,9961.0,4,1,9969.0,9961,9977,16,9969.0,sell,-1.0,-21.5,-26.5,Mark 14->Mark 38,wide,0.23279352226720648,-21.732793522267208
53400,Mark 14,Mark 22,VEV_5500,XIRECS,7.0,2,1,7.5,7,8,1,7.5,sell,0.0,0.0,0.0,Mark 14->Mark 22,tight,-0.42857142857142855,0.42857142857142855
53400,Mark 01,Mark 22,VEV_6000,XIRECS,0.0,2,1,0.5,0,1,1,0.5,sell,0.0,0.0,0.0,Mark 01->Mark 22,tight,0.0,0.0
53400,Mark 01,Mark 22,VEV_6500,XIRECS,0.0,2,1,0.5,0,1,1,0.5,sell,0.0,0.0,0.0,Mark 01->Mark 22,tight,0.0,0.0
53800,Mark 38,Mark 14,VEV_4000,XIRECS,1255.0,2,1,1244.5,1234,1255,21,1244.5,buy,-1.0,1.0,-2.0,Mark 38->Mark 14,wide,0.17980295566502463,0.8201970443349753
54400,Mark 14,Mark 38,VEV_4000,XIRECS,1234.0,3,1,1244.5,1234,1255,21,1244.5,sell,-1.0,1.0,0.0,Mark 14->Mark 38,wide,-0.17532467532467533,1.1753246753246753
57600,Mark 38,Mark 14,VEV_4000,XIRECS,1257.0,3,1,1246.5,1236,1257,21,1246.5,buy,2.0,0.0,0.0,Mark 38->Mark 14,wide,0.17980295566502463,-0.17980295566502463
59300,Mark 14,Mark 38,HYDROGEL_PACK,XIRECS,9949.0,4,1,9957.0,9949,9965,16,9957.0,sell,-2.0,-5.0,0.5,Mark 14->Mark 38,wide,0.23279352226720648,-5.232793522267206
59600,Mark 14,Mark 55,VELVETFRUIT_EXTRACT,XIRECS,5244.0,4,1,5246.5,5244,5249,5,5246.5,sell,0.0,-1.0,-2.0,Mark 14->Mark 55,med,-0.3265993265993266,-0.6734006734006734
60300,Mark 14,Mark 55,VELVETFRUIT_EXTRACT,XIRECS,5245.0,5,1,5247.5,5245,5250,5,5247.5,sell,-1.0,-4.0,-5.0,Mark 14->Mark 55,med,-0.3265993265993266,-3.6734006734006734
61100,Mark 38,Mark 14,HYDROGEL_PACK,XIRECS,9961.0,2,1,9953.0,9945,9961,16,9953.0,buy,0.0,-11.0,10.0,Mark 38->Mark 14,wide,-0.36633663366336633,-10.633663366336634
61400,Mark 38,Mark 14,HYDROGEL_PACK,XIRECS,9962.0,2,1,9954.0,9946,9962,16,9954.0,buy,-6.0,-17.0,7.0,Mark 38->Mark 14,wide,-0.36633663366336633,-16.633663366336634
62100,Mark 14,Mark 55,VELVETFRUIT_EXTRACT,XIRECS,5243.0,6,1,5245.5,5243,5248,5,5245.5,sell,-2.0,-4.0,-2.0,Mark 14->Mark 55,med,-0.3265993265993266,-3.6734006734006734
62600,Mark 38,Mark 14,VEV_4000,XIRECS,1254.0,1,1,1243.5,1233,1254,21,1243.5,buy,-1.5,-1.0,-5.0,Mark 38->Mark 14,wide,0.17980295566502463,-1.1798029556650247
63100,Mark 38,Mark 14,VEV_4000,XIRECS,1252.0,3,1,1242.0,1232,1252,20,1242.0,buy,3.5,2.5,-3.5,Mark 38->Mark 14,wide,0.17980295566502463,2.3201970443349755
63200,Mark 38,Mark 14,HYDROGEL_PACK,XIRECS,9950.0,5,1,9942.0,9934,9950,16,9942.0,buy,-5.0,-5.0,29.0,Mark 38->Mark 14,wide,-0.36633663366336633,-4.633663366336633
63200,Mark 14,Mark 55,VELVETFRUIT_EXTRACT,XIRECS,5240.0,8,1,5242.5,5240,5245,5,5242.5,sell,1.0,2.0,-5.0,Mark 14->Mark 55,med,-0.3265993265993266,2.3265993265993266
64200,Mark 55,Mark 14,VELVETFRUIT_EXTRACT,XIRECS,5245.0,6,1,5242.5,5240,5245,5,5242.5,buy,1.0,-0.5,-5.5,Mark 55->Mark 14,med,0.5646153846153846,-1.0646153846153847
64300,Mark 14,Mark 38,HYDROGEL_PACK,XIRECS,9933.0,4,1,9941.0,9933,9949,16,9941.0,sell,-4.0,10.0,42.0,Mark 14->Mark 38,wide,0.23279352226720648,9.767206477732794
65400,Mark 14,Mark 38,HYDROGEL_PACK,XIRECS,9930.0,4,1,9938.0,9930,9946,16,9938.0,sell,4.5,18.0,45.0,Mark 14->Mark 38,wide,0.23279352226720648,17.767206477732792
65700,Mark 14,Mark 55,VELVETFRUIT_EXTRACT,XIRECS,5240.0,8,1,5242.5,5240,5245,5,5242.5,sell,-0.5,6.0,-5.0,Mark 14->Mark 55,med,-0.3265993265993266,6.326599326599327
65900,Mark 14,Mark 38,HYDROGEL_PACK,XIRECS,9935.0,2,1,9942.5,9935,9950,15,9942.5,sell,6.0,15.5,40.5,Mark 14->Mark 38,wide,0.23279352226720648,15.267206477732794
67700,Mark 55,Mark 14,VELVETFRUIT_EXTRACT,XIRECS,5250.0,4,1,5248.5,5247,5250,3,5248.5,buy,-2.0,-4.0,-11.0,Mark 55->Mark 14,med,0.5646153846153846,-4.564615384615385
68000,Mark 38,Mark 14,VEV_4000,XIRECS,1258.0,2,1,1247.5,1237,1258,21,1247.5,buy,-1.0,-4.0,-9.0,Mark 38->Mark 14,wide,0.17980295566502463,-4.179802955665025
69500,Mark 14,Mark 38,HYDROGEL_PACK,XIRECS,9952.0,2,1,9959.5,9952,9967,15,9959.5,sell,-2.5,5.5,23.5,Mark 14->Mark 38,wide,0.23279352226720648,5.267206477732794
70500,Mark 14,Mark 38,VEV_4000,XIRECS,1232.0,1,1,1242.0,1232,1252,20,1242.0,sell,-0.5,-3.0,-4.5,Mark 14->Mark 38,wide,-0.17532467532467533,-2.824675324675325
73400,Mark 22,Mark 49,VELVETFRUIT_EXTRACT,XIRECS,5237.0,8,1,5235.5,5235,5236,1,5235.5,buy,0.0,4.0,0.0,Mark 22->Mark 49,tight,3.5,0.5
73400,Mark 55,Mark 49,VELVETFRUIT_EXTRACT,XIRECS,5236.0,6,1,5235.5,5235,5236,1,5235.5,buy,0.0,4.0,0.0,Mark 55->Mark 49,tight,2.6666666666666665,1.3333333333333335
73500,Mark 14,Mark 38,HYDROGEL_PACK,XIRECS,9966.0,3,1,9974.0,9966,9982,16,9974.0,sell,6.0,6.0,1.0,Mark 14->Mark 38,wide,0.23279352226720648,5.767206477732794
74100,Mark 01,Mark 22,VEV_5300,XIRECS,42.0,3,1,43.0,42,44,2,43.0,sell,1.0,1.0,-2.0,Mark 01->Mark 22,tight,-0.15267175572519084,1.1526717557251909
74100,Mark 01,Mark 22,VEV_5400,XIRECS,14.0,3,1,14.5,14,15,1,14.5,sell,1.0,1.0,-0.5,Mark 01->Mark 22,tight,0.028846153846153848,0.9711538461538461
74100,Mark 01,Mark 22,VEV_5500,XIRECS,6.0,3,1,6.5,6,7,1,6.5,sell,0.0,0.0,0.0,Mark 01->Mark 22,tight,0.021885521885521887,-0.021885521885521887
74100,Mark 01,Mark 22,VEV_6000,XIRECS,0.0,3,1,0.5,0,1,1,0.5,sell,0.0,0.0,0.0,Mark 01->Mark 22,tight,0.0,0.0
74100,Mark 01,Mark 22,VEV_6500,XIRECS,0.0,3,1,0.5,0,1,1,0.5,sell,0.0,0.0,0.0,Mark 01->Mark 22,tight,0.0,0.0
74300,Mark 55,Mark 14,VELVETFRUIT_EXTRACT,XIRECS,5238.0,6,1,5235.5,5233,5238,5,5235.5,buy,4.5,4.0,-3.0,Mark 55->Mark 14,med,0.5646153846153846,3.4353846153846153
74400,Mark 14,Mark 55,VELVETFRUIT_EXTRACT,XIRECS,5235.0,4,1,5237.5,5235,5240,5,5237.5,sell,2.0,0.0,-5.0,Mark 14->Mark 55,med,-0.3265993265993266,0.3265993265993266
76600,Mark 38,Mark 14,HYDROGEL_PACK,XIRECS,9995.0,3,1,9987.0,9979,9995,16,9987.0,buy,4.0,3.0,-23.0,Mark 38->Mark 14,wide,-0.36633663366336633,3.366336633663366
77300,Mark 55,Mark 14,VELVETFRUIT_EXTRACT,XIRECS,5241.0,8,1,5238.5,5236,5241,5,5238.5,buy,-2.0,1.0,1.0,Mark 55->Mark 14,med,0.5646153846153846,0.43538461538461537
78300,Mark 14,Mark 38,VEV_4000,XIRECS,1229.0,3,1,1239.5,1229,1250,21,1239.5,sell,0.0,-2.0,1.0,Mark 14->Mark 38,wide,-0.17532467532467533,-1.8246753246753247
78400,Mark 67,Mark 22,VELVETFRUIT_EXTRACT,XIRECS,5238.0,7,1,5237.0,5236,5238,2,5237.0,buy,0.5,0.5,5.5,Mark 67->Mark 22,tight,2.026666666666667,-1.5266666666666668
78500,Mark 38,Mark 14,HYDROGEL_PACK,XIRECS,10000.0,4,1,9992.0,9984,10000,16,9992.0,buy,-2.5,-11.0,-32.0,Mark 38->Mark 14,wide,-0.36633663366336633,-10.633663366336634
79000,Mark 14,Mark 38,HYDROGEL_PACK,XIRECS,9982.0,3,1,9989.5,9982,9997,15,9989.5,sell,-6.5,-7.5,-22.5,Mark 14->Mark 38,wide,0.23279352226720648,-7.732793522267206
79800,Mark 38,Mark 14,HYDROGEL_PACK,XIRECS,9994.0,6,1,9986.0,9978,9994,16,9986.0,buy,-6.0,-16.0,-21.0,Mark 38->Mark 14,wide,-0.36633663366336633,-15.633663366336634
81300,Mark 14,Mark 38,HYDROGEL_PACK,XIRECS,9970.0,6,1,9978.0,9970,9986,16,9978.0,sell,-8.0,-3.0,-20.0,Mark 14->Mark 38,wide,0.23279352226720648,-3.2327935222672064
81700,Mark 38,Mark 14,HYDROGEL_PACK,XIRECS,9980.0,3,1,9972.0,9964,9980,16,9972.0,buy,-3.0,1.0,-14.0,Mark 38->Mark 14,wide,-0.36633663366336633,1.3663366336633662
81900,Mark 38,Mark 14,HYDROGEL_PACK,XIRECS,9978.0,2,1,9970.0,9962,9978,16,9970.0,buy,1.0,2.0,-11.0,Mark 38->Mark 14,wide,-0.36633663366336633,2.366336633663366
82300,Mark 38,Mark 14,HYDROGEL_PACK,XIRECS,9977.0,3,1,9969.0,9961,9977,16,9969.0,buy,2.0,4.0,-5.0,Mark 38->Mark 14,wide,-0.36633663366336633,4.366336633663367
82300,Mark 01,Mark 55,VELVETFRUIT_EXTRACT,XIRECS,5235.0,3,1,5237.5,5235,5240,5,5237.5,sell,-2.0,-5.0,5.0,Mark 01->Mark 55,med,-0.09839357429718876,-4.901606425702811
83200,Mark 55,Mark 01,VELVETFRUIT_EXTRACT,XIRECS,5237.0,7,1,5234.0,5231,5237,6,5234.0,buy,1.0,0.5,10.5,Mark 55->Mark 01,med,0.006147540983606557,0.49385245901639346
84300,Mark 38,Mark 14,VEV_4000,XIRECS,1243.0,1,1,1232.5,1222,1243,21,1232.5,buy,2.0,5.0,11.0,Mark 38->Mark 14,wide,0.17980295566502463,4.820197044334975
84600,Mark 67,Mark 22,VELVETFRUIT_EXTRACT,XIRECS,5233.0,8,1,5232.0,5231,5233,2,5232.0,buy,4.5,4.5,12.5,Mark 67->Mark 22,tight,2.026666666666667,2.473333333333333
85300,Mark 14,Mark 22,VEV_5300,XIRECS,42.0,2,1,43.0,42,44,2,43.0,sell,0.0,1.0,3.0,Mark 14->Mark 22,tight,-0.2413793103448276,1.2413793103448276
85300,Mark 01,Mark 22,VEV_5400,XIRECS,14.0,2,1,14.5,14,15,1,14.5,sell,0.0,1.0,1.5,Mark 01->Mark 22,tight,0.028846153846153848,0.9711538461538461
85300,Mark 01,Mark 22,VEV_5500,XIRECS,6.0,2,1,6.5,6,7,1,6.5,sell,0.0,0.0,0.5,Mark 01->Mark 22,tight,0.021885521885521887,-0.021885521885521887
85300,Mark 01,Mark 22,VEV_6000,XIRECS,0.0,2,1,0.5,0,1,1,0.5,sell,0.0,0.0,0.0,Mark 01->Mark 22,tight,0.0,0.0
85300,Mark 01,Mark 22,VEV_6500,XIRECS,0.0,2,1,0.5,0,1,1,0.5,sell,0.0,0.0,0.0,Mark 01->Mark 22,tight,0.0,0.0
86100,Mark 01,Mark 22,VEV_5400,XIRECS,14.0,5,1,15.0,14,16,2,15.0,sell,-0.5,0.5,0.5,Mark 01->Mark 22,tight,0.028846153846153848,0.47115384615384615
86100,Mark 01,Mark 22,VEV_5500,XIRECS,6.0,5,1,6.5,6,7,1,6.5,sell,0.0,0.0,0.0,Mark 01->Mark 22,tight,0.021885521885521887,-0.021885521885521887
86100,Mark 01,Mark 22,VEV_6000,XIRECS,0.0,5,1,0.5,0,1,1,0.5,sell,0.0,0.0,0.0,Mark 01->Mark 22,tight,0.0,0.0
86100,Mark 01,Mark 22,VEV_6500,XIRECS,0.0,5,1,0.5,0,1,1,0.5,sell,0.0,0.0,0.0,Mark 01->Mark 22,tight,0.0,0.0
87900,Mark 14,Mark 55,VELVETFRUIT_EXTRACT,XIRECS,5239.0,3,1,5241.5,5239,5244,5,5241.5,sell,1.0,1.5,1.0,Mark 14->Mark 55,med,-0.3265993265993266,1.8265993265993266
88500,Mark 67,Mark 22,VELVETFRUIT_EXTRACT,XIRECS,5242.0,6,1,5241.0,5240,5242,2,5241.0,buy,2.0,3.5,4.5,Mark 67->Mark 22,tight,2.026666666666667,1.4733333333333332
89300,Mark 14,Mark 38,VEV_4000,XIRECS,1232.0,3,1,1242.5,1232,1253,21,1242.5,sell,-4.5,-1.0,3.0,Mark 14->Mark 38,wide,-0.17532467532467533,-0.8246753246753247
89800,Mark 01,Mark 22,VEV_5300,XIRECS,45.0,4,1,46.0,45,47,2,46.0,sell,0.0,-1.0,1.0,Mark 01->Mark 22,tight,-0.15267175572519084,-0.8473282442748091
89800,Mark 01,Mark 22,VEV_5400,XIRECS,15.0,4,1,16.0,15,17,2,16.0,sell,0.0,-0.5,1.0,Mark 01->Mark 22,tight,0.028846153846153848,-0.5288461538461539
89800,Mark 01,Mark 22,VEV_6000,XIRECS,0.0,4,1,0.5,0,1,1,0.5,sell,0.0,0.0,0.0,Mark 01->Mark 22,tight,0.0,0.0
89800,Mark 01,Mark 22,VEV_6500,XIRECS,0.0,4,1,0.5,0,1,1,0.5,sell,0.0,0.0,0.0,Mark 01->Mark 22,tight,0.0,0.0
91100,Mark 55,Mark 14,VELVETFRUIT_EXTRACT,XIRECS,5244.0,6,1,5241.5,5239,5244,5,5241.5,buy,0.0,2.5,7.0,Mark 55->Mark 14,med,0.5646153846153846,1.9353846153846153
92000,Mark 55,Mark 14,VELVETFRUIT_EXTRACT,XIRECS,5243.0,8,1,5240.5,5238,5243,5,5240.5,buy,3.0,5.0,3.5,Mark 55->Mark 14,med,0.5646153846153846,4.435384615384615
92100,Mark 14,Mark 38,HYDROGEL_PACK,XIRECS,9955.0,4,1,9963.0,9955,9971,16,9963.0,sell,3.0,7.0,-11.0,Mark 14->Mark 38,wide,0.23279352226720648,6.767206477732794
92500,Mark 14,Mark 38,HYDROGEL_PACK,XIRECS,9956.0,2,1,9964.0,9956,9972,16,9964.0,sell,-1.0,0.0,-14.5,Mark 14->Mark 38,wide,0.23279352226720648,-0.23279352226720648
93700,Mark 55,Mark 01,VELVETFRUIT_EXTRACT,XIRECS,5246.0,6,1,5243.5,5241,5246,5,5243.5,buy,2.0,-2.0,3.0,Mark 55->Mark 01,med,0.006147540983606557,-2.0061475409836067
93800,Mark 55,Mark 01,VELVETFRUIT_EXTRACT,XIRECS,5246.0,7,1,5243.5,5241,5246,5,5243.5,buy,0.0,-2.0,4.0,Mark 55->Mark 01,med,0.006147540983606557,-2.0061475409836067
94400,Mark 38,Mark 14,HYDROGEL_PACK,XIRECS,9974.0,4,1,9966.0,9958,9974,16,9966.0,buy,0.0,-2.0,-12.0,Mark 38->Mark 14,wide,-0.36633663366336633,-1.6336633663366338
97100,Mark 14,Mark 38,HYDROGEL_PACK,XIRECS,9950.0,2,1,9958.0,9950,9966,16,9958.0,sell,1.0,-6.0,2.0,Mark 14->Mark 38,wide,0.23279352226720648,-6.232793522267206
98600,Mark 38,Mark 14,HYDROGEL_PACK,XIRECS,9962.0,2,1,9954.0,9946,9962,16,9954.0,buy,-2.0,-1.5,10.0,Mark 38->Mark 14,wide,-0.36633663366336633,-1.1336633663366338
99000,Mark 38,Mark 14,HYDROGEL_PACK,XIRECS,9961.0,3,1,9953.0,9945,9961,16,9953.0,buy,-1.5,-9.0,11.0,Mark 38->Mark 14,wide,-0.36633663366336633,-8.633663366336634
100500,Mark 55,Mark 14,VELVETFRUIT_EXTRACT,XIRECS,5248.0,4,1,5245.5,5243,5248,5,5245.5,buy,2.5,0.0,22.0,Mark 55->Mark 14,med,0.5646153846153846,-0.5646153846153846
101400,Mark 14,Mark 38,HYDROGEL_PACK,XIRECS,9936.0,5,1,9944.0,9936,9952,16,9944.0,sell,7.0,4.0,13.0,Mark 14->Mark 38,wide,0.23279352226720648,3.7672064777327936
101500,Mark 14,Mark 38,HYDROGEL_PACK,XIRECS,9935.0,6,1,9943.0,9935,9951,16,9943.0,sell,8.0,5.0,14.0,Mark 14->Mark 38,wide,0.23279352226720648,4.767206477732794
102500,Mark 14,Mark 38,VEV_4000,XIRECS,1235.0,1,1,1245.5,1235,1256,21,1245.5,sell,2.0,4.0,17.5,Mark 14->Mark 38,wide,-0.17532467532467533,4.175324675324675
102800,Mark 14,Mark 38,VEV_4000,XIRECS,1236.0,1,1,1246.5,1236,1257,21,1246.5,sell,0.0,3.0,15.0,Mark 14->Mark 38,wide,-0.17532467532467533,3.175324675324675
103100,Mark 38,Mark 14,HYDROGEL_PACK,XIRECS,9952.0,4,1,9944.0,9936,9952,16,9944.0,buy,7.0,6.0,6.0,Mark 38->Mark 14,wide,-0.36633663366336633,6.366336633663367
103500,Mark 14,Mark 38,HYDROGEL_PACK,XIRECS,9940.0,3,1,9948.0,9940,9956,16,9948.0,sell,5.0,-2.5,-1.0,Mark 14->Mark 38,wide,0.23279352226720648,-2.7327935222672064
104400,Mark 55,Mark 14,VELVETFRUIT_EXTRACT,XIRECS,5252.0,6,1,5249.5,5247,5252,5,5249.5,buy,1.0,9.5,16.0,Mark 55->Mark 14,med,0.5646153846153846,8.935384615384615
107100,Mark 14,Mark 38,HYDROGEL_PACK,XIRECS,9952.0,5,1,9960.0,9952,9968,16,9960.0,sell,0.0,5.0,-1.0,Mark 14->Mark 38,wide,0.23279352226720648,4.767206477732794
107900,Mark 55,Mark 01,VELVETFRUIT_EXTRACT,XIRECS,5267.0,3,1,5264.0,5261,5267,6,5264.0,buy,0.0,6.5,-6.5,Mark 55->Mark 01,med,0.006147540983606557,6.493852459016393
109000,Mark 67,Mark 49,VELVETFRUIT_EXTRACT,XIRECS,5265.0,12,1,5264.5,5264,5265,1,5264.5,buy,4.0,0.0,-7.0,Mark 67->Mark 49,tight,1.5738636363636365,-1.5738636363636365
109100,Mark 14,Mark 38,HYDROGEL_PACK,XIRECS,9957.0,2,1,9965.0,9957,9973,16,9965.0,sell,1.0,-6.0,-13.0,Mark 14->Mark 38,wide,0.23279352226720648,-6.232793522267206
110100,Mark 01,Mark 55,VELVETFRUIT_EXTRACT,XIRECS,5265.0,4,1,5267.5,5265,5270,5,5267.5,sell,-1.0,-4.0,-9.0,Mark 01->Mark 55,med,-0.09839357429718876,-3.9016064257028114
112000,Mark 14,Mark 55,VELVETFRUIT_EXTRACT,XIRECS,5260.0,3,1,5262.5,5260,5265,5,5262.5,sell,2.0,2.0,1.0,Mark 14->Mark 55,med,-0.3265993265993266,2.3265993265993266
112700,Mark 14,Mark 38,HYDROGEL_PACK,XIRECS,9948.0,2,1,9956.0,9948,9964,16,9956.0,sell,-6.0,-11.0,-9.0,Mark 14->Mark 38,wide,0.23279352226720648,-11.232793522267206
113900,Mark 38,Mark 14,HYDROGEL_PACK,XIRECS,9956.0,2,1,9948.0,9940,9956,16,9948.0,buy,0.0,-1.0,-6.0,Mark 38->Mark 14,wide,-0.36633663366336633,-0.6336633663366337
115500,Mark 14,Mark 38,HYDROGEL_PACK,XIRECS,9937.0,3,1,9945.0,9937,9953,16,9945.0,sell,4.0,24.0,1.0,Mark 14->Mark 38,wide,0.23279352226720648,23.767206477732792
118800,Mark 14,Mark 55,VELVETFRUIT_EXTRACT,XIRECS,5257.0,3,1,5259.5,5257,5262,5,5259.5,sell,-1.5,1.0,5.0,Mark 14->Mark 55,med,-0.3265993265993266,1.3265993265993266
119400,Mark 38,Mark 14,HYDROGEL_PACK,XIRECS,9962.0,3,1,9954.0,9946,9962,16,9954.0,buy,3.0,-0.5,5.0,Mark 38->Mark 14,wide,-0.36633663366336633,-0.13366336633663367
120300,Mark 01,Mark 22,VEV_5400,XIRECS,18.0,4,1,18.5,18,19,1,18.5,sell,1.0,1.5,1.0,Mark 01->Mark 22,tight,0.028846153846153848,1.4711538461538463
120300,Mark 01,Mark 22,VEV_5500,XIRECS,8.0,4,1,8.5,8,9,1,8.5,sell,0.0,0.0,0.0,Mark 01->Mark 22,tight,0.021885521885521887,-0.021885521885521887
120300,Mark 01,Mark 22,VEV_6000,XIRECS,0.0,4,1,0.5,0,1,1,0.5,sell,0.0,0.0,0.0,Mark 01->Mark 22,tight,0.0,0.0
120300,Mark 01,Mark 22,VEV_6500,XIRECS,0.0,4,1,0.5,0,1,1,0.5,sell,0.0,0.0,0.0,Mark 01->Mark 22,tight,0.0,0.0
120700,Mark 38,Mark 14,HYDROGEL_PACK,XIRECS,9958.0,2,1,9950.0,9942,9958,16,9950.0,buy,4.0,-3.0,5.5,Mark 38->Mark 14,wide,-0.36633663366336633,-2.633663366336634
123300,Mark 01,Mark 55,VELVETFRUIT_EXTRACT,XIRECS,5262.0,7,1,5264.5,5262,5267,5,5264.5,sell,0.0,-1.0,-0.5,Mark 01->Mark 55,med,-0.09839357429718876,-0.9016064257028112
125600,Mark 55,Mark 14,VELVETFRUIT_EXTRACT,XIRECS,5265.0,3,1,5262.5,5260,5265,5,5262.5,buy,1.0,4.0,-2.0,Mark 55->Mark 14,med,0.5646153846153846,3.4353846153846153
126000,Mark 38,Mark 14,HYDROGEL_PACK,XIRECS,9953.0,4,1,9945.0,9937,9953,16,9945.0,buy,1.0,10.0,8.0,Mark 38->Mark 14,wide,-0.36633663366336633,10.366336633663366
127200,Mark 01,Mark 22,VEV_5500,XIRECS,8.0,3,1,8.5,8,9,1,8.5,sell,0.5,0.0,0.0,Mark 01->Mark 22,tight,0.021885521885521887,-0.021885521885521887
127200,Mark 01,Mark 22,VEV_6000,XIRECS,0.0,3,1,0.5,0,1,1,0.5,sell,0.0,0.0,0.0,Mark 01->Mark 22,tight,0.0,0.0
127200,Mark 01,Mark 22,VEV_6500,XIRECS,0.0,3,1,0.5,0,1,1,0.5,sell,0.0,0.0,0.0,Mark 01->Mark 22,tight,0.0,0.0
129100,Mark 38,Mark 14,VEV_4000,XIRECS,1275.0,3,1,1264.0,1253,1275,22,1264.0,buy,0.0,1.5,-6.5,Mark 38->Mark 14,wide,0.17980295566502463,1.3201970443349753
129500,Mark 38,Mark 14,HYDROGEL_PACK,XIRECS,9967.0,6,1,9959.0,9951,9967,16,9959.0,buy,-2.0,-8.0,5.0,Mark 38->Mark 14,wide,-0.36633663366336633,-7.633663366336633
129800,Mark 14,Mark 38,HYDROGEL_PACK,XIRECS,9951.0,4,1,9959.0,9951,9967,16,9959.0,sell,-0.5,-8.0,9.0,Mark 14->Mark 38,wide,0.23279352226720648,-8.232793522267206
130800,Mark 14,Mark 38,HYDROGEL_PACK,XIRECS,9946.0,5,1,9954.0,9946,9962,16,9954.0,sell,-5.0,6.5,7.0,Mark 14->Mark 38,wide,0.23279352226720648,6.267206477732794
131300,Mark 49,Mark 55,VELVETFRUIT_EXTRACT,XIRECS,5265.0,5,1,5266.5,5265,5268,3,5266.5,sell,-2.5,-2.5,-8.0,Mark 49->Mark 55,med,0.5,-3.0
131800,Mark 01,Mark 55,VELVETFRUIT_EXTRACT,XIRECS,5261.0,5,1,5264.0,5261,5267,6,5264.0,sell,0.0,3.5,-4.5,Mark 01->Mark 55,med,-0.09839357429718876,3.5983935742971886
132600,Mark 67,Mark 49,VELVETFRUIT_EXTRACT,XIRECS,5263.0,10,1,5262.0,5261,5263,2,5262.0,buy,1.5,-0.5,0.5,Mark 67->Mark 49,tight,1.5738636363636365,-2.0738636363636367
133100,Mark 14,Mark 38,VEV_4000,XIRECS,1253.0,3,1,1263.5,1253,1274,21,1263.5,sell,2.5,-1.5,1.5,Mark 14->Mark 38,wide,-0.17532467532467533,-1.3246753246753247
133700,Mark 14,Mark 38,HYDROGEL_PACK,XIRECS,9948.0,4,1,9956.0,9948,9964,16,9956.0,sell,-1.0,1.0,-2.0,Mark 14->Mark 38,wide,0.23279352226720648,0.7672064777327935
134000,Mark 14,Mark 55,VELVETFRUIT_EXTRACT,XIRECS,5264.0,8,1,5266.5,5264,5269,5,5266.5,sell,-5.0,-4.0,-4.5,Mark 14->Mark 55,med,-0.3265993265993266,-3.6734006734006734
134500,Mark 14,Mark 38,HYDROGEL_PACK,XIRECS,9944.0,6,1,9952.0,9944,9960,16,9952.0,sell,4.0,-1.0,1.0,Mark 14->Mark 38,wide,0.23279352226720648,-1.2327935222672064
135200,Mark 55,Mark 01,VELVETFRUIT_EXTRACT,XIRECS,5264.0,8,1,5261.0,5258,5264,6,5261.0,buy,0.0,-1.0,-0.5,Mark 55->Mark 01,med,0.006147540983606557,-1.0061475409836065
135500,Mark 14,Mark 55,VELVETFRUIT_EXTRACT,XIRECS,5257.0,7,1,5259.5,5257,5262,5,5259.5,sell,3.0,0.0,2.0,Mark 14->Mark 55,med,-0.3265993265993266,0.3265993265993266
135900,Mark 01,Mark 22,VEV_5300,XIRECS,52.0,3,1,53.0,52,54,2,53.0,sell,0.0,-2.0,-0.5,Mark 01->Mark 22,tight,-0.15267175572519084,-1.8473282442748091
135900,Mark 01,Mark 22,VEV_5400,XIRECS,19.0,3,1,20.0,19,21,2,20.0,sell,0.0,-1.0,-0.5,Mark 01->Mark 22,tight,0.028846153846153848,-1.0288461538461537
135900,Mark 01,Mark 22,VEV_5500,XIRECS,8.0,3,1,8.5,8,9,1,8.5,sell,0.0,-0.5,0.0,Mark 01->Mark 22,tight,0.021885521885521887,-0.5218855218855218
135900,Mark 01,Mark 22,VEV_6000,XIRECS,0.0,3,1,0.5,0,1,1,0.5,sell,0.0,0.0,0.0,Mark 01->Mark 22,tight,0.0,0.0
135900,Mark 01,Mark 22,VEV_6500,XIRECS,0.0,3,1,0.5,0,1,1,0.5,sell,0.0,0.0,0.0,Mark 01->Mark 22,tight,0.0,0.0
137000,Mark 14,Mark 38,VEV_4000,XIRECS,1252.0,3,1,1262.5,1252,1273,21,1262.5,sell,-3.0,-4.0,2.5,Mark 14->Mark 38,wide,-0.17532467532467533,-3.824675324675325
137300,Mark 14,Mark 38,VEV_4000,XIRECS,1251.0,3,1,1261.5,1251,1272,21,1261.5,sell,-3.0,-3.0,6.0,Mark 14->Mark 38,wide,-0.17532467532467533,-2.824675324675325
137600,Mark 38,Mark 14,VEV_4000,XIRECS,1269.0,3,1,1258.5,1248,1269,21,1258.5,buy,-2.0,0.0,10.0,Mark 38->Mark 14,wide,0.17980295566502463,-0.17980295566502463
137800,Mark 14,Mark 38,HYDROGEL_PACK,XIRECS,9942.0,3,1,9950.0,9942,9958,16,9950.0,sell,2.5,18.0,16.0,Mark 14->Mark 38,wide,0.23279352226720648,17.767206477732792
138000,Mark 01,Mark 55,VELVETFRUIT_EXTRACT,XIRECS,5254.0,7,1,5256.5,5254,5259,5,5256.5,sell,1.0,2.0,11.0,Mark 01->Mark 55,med,-0.09839357429718876,2.0983935742971886
138100,Mark 38,Mark 14,HYDROGEL_PACK,XIRECS,9959.0,2,1,9951.0,9943,9959,16,9951.0,buy,12.0,14.0,12.0,Mark 38->Mark 14,wide,-0.36633663366336633,14.366336633663366
139700,Mark 67,Mark 22,VELVETFRUIT_EXTRACT,XIRECS,5257.0,8,1,5256.0,5255,5257,2,5256.0,buy,1.5,3.5,9.5,Mark 67->Mark 22,tight,2.026666666666667,1.4733333333333332
140000,Mark 55,Mark 14,VELVETFRUIT_EXTRACT,XIRECS,5261.0,5,1,5258.5,5256,5261,5,5258.5,buy,-3.0,1.0,8.5,Mark 55->Mark 14,med,0.5646153846153846,0.43538461538461537
140100,Mark 55,Mark 14,VELVETFRUIT_EXTRACT,XIRECS,5260.0,4,1,5257.5,5255,5260,5,5257.5,buy,-2.0,2.0,8.5,Mark 55->Mark 14,med,0.5646153846153846,1.4353846153846153
141000,Mark 55,Mark 14,VELVETFRUIT_EXTRACT,XIRECS,5260.0,4,1,5257.5,5255,5260,5,5257.5,buy,1.0,7.0,8.0,Mark 55->Mark 14,med,0.5646153846153846,6.435384615384615
142000,Mark 55,Mark 14,VELVETFRUIT_EXTRACT,XIRECS,5262.0,6,1,5259.5,5257,5262,5,5259.5,buy,3.0,2.5,-0.5,Mark 55->Mark 14,med,0.5646153846153846,1.9353846153846153
144500,Mark 01,Mark 55,VELVETFRUIT_EXTRACT,XIRECS,5258.0,5,1,5260.5,5258,5263,5,5260.5,sell,0.5,3.0,-7.5,Mark 01->Mark 55,med,-0.09839357429718876,3.0983935742971886
145500,Mark 01,Mark 22,VEV_5400,XIRECS,19.0,2,1,19.5,19,20,1,19.5,sell,0.5,1.5,-2.5,Mark 01->Mark 22,tight,0.028846153846153848,1.4711538461538463
145500,Mark 01,Mark 22,VEV_5500,XIRECS,8.0,2,1,8.5,8,9,1,8.5,sell,0.0,1.0,-1.0,Mark 01->Mark 22,tight,0.021885521885521887,0.9781144781144782
145500,Mark 01,Mark 22,VEV_6000,XIRECS,0.0,2,1,0.5,0,1,1,0.5,sell,0.0,0.0,0.0,Mark 01->Mark 22,tight,0.0,0.0
145500,Mark 01,Mark 22,VEV_6500,XIRECS,0.0,2,1,0.5,0,1,1,0.5,sell,0.0,0.0,0.0,Mark 01->Mark 22,tight,0.0,0.0
145600,Mark 38,Mark 14,HYDROGEL_PACK,XIRECS,9962.0,5,1,9954.0,9946,9962,16,9954.0,buy,3.0,10.0,5.0,Mark 38->Mark 14,wide,-0.36633663366336633,10.366336633663366
146500,Mark 38,Mark 14,HYDROGEL_PACK,XIRECS,9963.0,6,1,9955.0,9947,9963,16,9955.0,buy,4.0,9.0,4.0,Mark 38->Mark 14,wide,-0.36633663366336633,9.366336633663366
146700,Mark 14,Mark 55,VELVETFRUIT_EXTRACT,XIRECS,5260.0,7,1,5262.5,5260,5265,5,5262.5,sell,3.0,2.0,-15.0,Mark 14->Mark 55,med,-0.3265993265993266,2.3265993265993266
147900,Mark 14,Mark 38,VEV_4000,XIRECS,1256.0,1,1,1267.0,1256,1278,22,1267.0,sell,-2.5,-0.5,-11.5,Mark 14->Mark 38,wide,-0.17532467532467533,-0.3246753246753247
148000,Mark 38,Mark 14,HYDROGEL_PACK,XIRECS,9972.0,3,1,9964.0,9956,9972,16,9964.0,buy,0.0,1.0,-9.0,Mark 38->Mark 14,wide,-0.36633663366336633,1.3663366336633662
148300,Mark 22,Mark 55,VELVETFRUIT_EXTRACT,XIRECS,5265.0,4,1,5266.5,5265,5268,3,5266.5,sell,-4.0,0.0,-10.0,Mark 22->Mark 55,med,0.5277777777777778,-0.5277777777777778
150600,Mark 01,Mark 22,VEV_5300,XIRECS,53.0,2,1,54.0,53,55,2,54.0,sell,0.0,-4.0,-5.0,Mark 01->Mark 22,tight,-0.15267175572519084,-3.8473282442748094
150600,Mark 01,Mark 22,VEV_5400,XIRECS,20.0,2,1,20.5,20,21,1,20.5,sell,0.0,-2.0,-2.0,Mark 01->Mark 22,tight,0.028846153846153848,-2.0288461538461537
150600,Mark 01,Mark 22,VEV_5500,XIRECS,8.0,2,1,8.5,8,9,1,8.5,sell,0.0,-0.5,-1.0,Mark 01->Mark 22,tight,0.021885521885521887,-0.5218855218855218
150600,Mark 01,Mark 22,VEV_6000,XIRECS,0.0,2,1,0.5,0,1,1,0.5,sell,0.0,0.0,0.0,Mark 01->Mark 22,tight,0.0,0.0
150600,Mark 01,Mark 22,VEV_6500,XIRECS,0.0,2,1,0.5,0,1,1,0.5,sell,0.0,0.0,0.0,Mark 01->Mark 22,tight,0.0,0.0
150700,Mark 55,Mark 01,VELVETFRUIT_EXTRACT,XIRECS,5268.0,7,1,5265.5,5263,5268,5,5265.5,buy,1.0,-8.5,-11.0,Mark 55->Mark 01,med,0.006147540983606557,-8.506147540983607
151100,Mark 14,Mark 38,HYDROGEL_PACK,XIRECS,9945.0,4,1,9953.0,9945,9961,16,9953.0,sell,3.0,2.0,13.0,Mark 14->Mark 38,wide,0.23279352226720648,1.7672064777327936
151200,Mark 14,Mark 38,HYDROGEL_PACK,XIRECS,9944.0,6,1,9952.0,9944,9960,16,9952.0,sell,0.0,5.0,11.5,Mark 14->Mark 38,wide,0.23279352226720648,4.767206477732794
151400,Mark 01,Mark 55,VELVETFRUIT_EXTRACT,XIRECS,5261.0,7,1,5263.5,5261,5266,5,5263.5,sell,-3.5,-7.0,-9.0,Mark 01->Mark 55,med,-0.09839357429718876,-6.901606425702811
152700,Mark 14,Mark 38,HYDROGEL_PACK,XIRECS,9944.0,5,1,9952.0,9944,9960,16,9952.0,sell,5.0,3.0,18.0,Mark 14->Mark 38,wide,0.23279352226720648,2.7672064777327936
153000,Mark 01,Mark 22,VEV_5400,XIRECS,18.0,4,1,18.5,18,19,1,18.5,sell,0.0,-0.5,0.0,Mark 01->Mark 22,tight,0.028846153846153848,-0.5288461538461539
153000,Mark 01,Mark 22,VEV_5500,XIRECS,7.0,4,1,8.0,7,9,2,8.0,sell,-0.5,-0.5,-0.5,Mark 01->Mark 22,tight,0.021885521885521887,-0.5218855218855218
153000,Mark 01,Mark 22,VEV_6000,XIRECS,0.0,4,1,0.5,0,1,1,0.5,sell,0.0,0.0,0.0,Mark 01->Mark 22,tight,0.0,0.0
153000,Mark 01,Mark 22,VEV_6500,XIRECS,0.0,4,1,0.5,0,1,1,0.5,sell,0.0,0.0,0.0,Mark 01->Mark 22,tight,0.0,0.0
154100,Mark 14,Mark 38,VEV_4000,XIRECS,1242.0,3,1,1252.5,1242,1263,21,1252.5,sell,1.0,-4.5,0.0,Mark 14->Mark 38,wide,-0.17532467532467533,-4.324675324675325
155900,Mark 38,Mark 14,HYDROGEL_PACK,XIRECS,9966.0,4,1,9958.5,9951,9966,15,9958.5,buy,-1.5,0.5,10.5,Mark 38->Mark 14,wide,-0.36633663366336633,0.8663366336633663
156200,Mark 14,Mark 38,VEV_4000,XIRECS,1237.0,1,1,1247.5,1237,1258,21,1247.5,sell,0.0,8.0,3.0,Mark 14->Mark 38,wide,-0.17532467532467533,8.175324675324676
156400,Mark 14,Mark 38,HYDROGEL_PACK,XIRECS,9949.0,6,1,9957.0,9949,9965,16,9957.0,sell,5.0,-3.0,13.0,Mark 14->Mark 38,wide,0.23279352226720648,-3.2327935222672064
159900,Mark 14,Mark 38,HYDROGEL_PACK,XIRECS,9961.0,3,1,9969.0,9961,9977,16,9969.0,sell,-4.0,-8.0,-4.0,Mark 14->Mark 38,wide,0.23279352226720648,-8.232793522267206
161200,Mark 14,Mark 38,HYDROGEL_PACK,XIRECS,9956.0,6,1,9963.5,9956,9971,15,9963.5,sell,3.5,7.5,17.5,Mark 14->Mark 38,wide,0.23279352226720648,7.267206477732794
163300,Mark 67,Mark 22,VELVETFRUIT_EXTRACT,XIRECS,5254.0,10,1,5253.0,5252,5254,2,5253.0,buy,2.0,-1.5,-4.0,Mark 67->Mark 22,tight,2.026666666666667,-3.526666666666667
164000,Mark 14,Mark 55,VELVETFRUIT_EXTRACT,XIRECS,5251.0,5,1,5253.5,5251,5256,5,5253.5,sell,-1.0,-3.0,-4.5,Mark 14->Mark 55,med,-0.3265993265993266,-2.6734006734006734
164300,Mark 38,Mark 14,HYDROGEL_PACK,XIRECS,9973.0,5,1,9965.0,9957,9973,16,9965.0,buy,6.0,4.0,12.0,Mark 38->Mark 14,wide,-0.36633663366336633,4.366336633663367
165500,Mark 49,Mark 55,VELVETFRUIT_EXTRACT,XIRECS,5250.0,4,1,5251.0,5250,5252,2,5251.0,sell,-0.5,1.5,-3.5,Mark 49->Mark 55,tight,-4.0,5.5
167300,Mark 14,Mark 38,HYDROGEL_PACK,XIRECS,9957.0,3,1,9965.0,9957,9973,16,9965.0,sell,-5.0,1.0,33.0,Mark 14->Mark 38,wide,0.23279352226720648,0.7672064777327935
167600,Mark 01,Mark 55,VELVETFRUIT_EXTRACT,XIRECS,5249.0,6,1,5252.0,5249,5255,6,5252.0,sell,1.5,2.5,-6.5,Mark 01->Mark 55,med,-0.09839357429718876,2.5983935742971886
167600,Mark 14,Mark 38,VEV_4000,XIRECS,1242.0,2,1,1252.5,1242,1263,21,1252.5,sell,1.0,2.0,-7.0,Mark 14->Mark 38,wide,-0.17532467532467533,2.175324675324675
168400,Mark 14,Mark 55,VELVETFRUIT_EXTRACT,XIRECS,5248.0,3,1,5250.5,5248,5253,5,5250.5,sell,-1.0,-1.0,-1.0,Mark 14->Mark 55,med,-0.3265993265993266,-0.6734006734006734
168500,Mark 38,Mark 14,VEV_4000,XIRECS,1261.0,2,1,1255.5,1250,1261,11,1255.5,buy,-5.0,-12.5,-7.0,Mark 38->Mark 14,wide,0.17980295566502463,-12.679802955665025
168700,Mark 38,Mark 14,VEV_4000,XIRECS,1260.0,1,1,1249.5,1239,1260,21,1249.5,buy,1.0,0.0,-1.0,Mark 38->Mark 14,wide,0.17980295566502463,-0.17980295566502463
170400,Mark 01,Mark 22,VEV_5400,XIRECS,17.0,5,1,17.5,17,18,1,17.5,sell,0.0,0.0,-0.5,Mark 01->Mark 22,tight,0.028846153846153848,-0.028846153846153848
170400,Mark 01,Mark 22,VEV_5500,XIRECS,7.0,5,1,7.5,7,8,1,7.5,sell,0.0,0.0,0.0,Mark 01->Mark 22,tight,0.021885521885521887,-0.021885521885521887
170400,Mark 01,Mark 22,VEV_6000,XIRECS,0.0,5,1,0.5,0,1,1,0.5,sell,0.0,0.0,0.0,Mark 01->Mark 22,tight,0.0,0.0
170400,Mark 01,Mark 22,VEV_6500,XIRECS,0.0,5,1,0.5,0,1,1,0.5,sell,0.0,0.0,0.0,Mark 01->Mark 22,tight,0.0,0.0
170500,Mark 14,Mark 22,VEV_5300,XIRECS,46.0,3,1,47.0,46,48,2,47.0,sell,-1.0,0.0,-1.0,Mark 14->Mark 22,tight,-0.2413793103448276,0.2413793103448276
170500,Mark 01,Mark 22,VEV_5500,XIRECS,7.0,3,1,7.5,7,8,1,7.5,sell,0.0,0.0,0.0,Mark 01->Mark 22,tight,0.021885521885521887,-0.021885521885521887
170500,Mark 01,Mark 22,VEV_6000,XIRECS,0.0,3,1,0.5,0,1,1,0.5,sell,0.0,0.0,0.0,Mark 01->Mark 22,tight,0.0,0.0
170500,Mark 01,Mark 22,VEV_6500,XIRECS,0.0,3,1,0.5,0,1,1,0.5,sell,0.0,0.0,0.0,Mark 01->Mark 22,tight,0.0,0.0
170900,Mark 38,Mark 14,VEV_4000,XIRECS,1260.0,3,1,1249.5,1239,1260,21,1249.5,buy,2.0,-2.0,-2.0,Mark 38->Mark 14,wide,0.17980295566502463,-2.1798029556650245
171400,Mark 38,Mark 14,HYDROGEL_PACK,XIRECS,9992.0,6,1,9984.0,9976,9992,16,9984.0,buy,-7.0,-13.0,25.0,Mark 38->Mark 14,wide,-0.36633663366336633,-12.633663366336634
171700,Mark 01,Mark 55,VELVETFRUIT_EXTRACT,XIRECS,5248.0,7,1,5250.5,5248,5253,5,5250.5,sell,0.0,-2.0,-5.0,Mark 01->Mark 55,med,-0.09839357429718876,-1.9016064257028114
172400,Mark 14,Mark 38,VEV_4000,XIRECS,1238.0,1,1,1248.5,1238,1259,21,1248.5,sell,-1.0,-4.0,-4.0,Mark 14->Mark 38,wide,-0.17532467532467533,-3.824675324675325
172500,Mark 01,Mark 22,VEV_5300,XIRECS,46.0,5,1,47.0,46,48,2,47.0,sell,-1.0,-2.0,-2.0,Mark 01->Mark 22,tight,-0.15267175572519084,-1.8473282442748091
172500,Mark 01,Mark 22,VEV_5400,XIRECS,17.0,5,1,17.5,17,18,1,17.5,sell,-0.5,-1.0,-1.0,Mark 01->Mark 22,tight,0.028846153846153848,-1.0288461538461537
172500,Mark 01,Mark 22,VEV_5500,XIRECS,7.0,5,1,7.5,7,8,1,7.5,sell,0.0,-0.5,-0.5,Mark 01->Mark 22,tight,0.021885521885521887,-0.5218855218855218
172500,Mark 01,Mark 22,VEV_6000,XIRECS,0.0,5,1,0.5,0,1,1,0.5,sell,0.0,0.0,0.0,Mark 01->Mark 22,tight,0.0,0.0
172500,Mark 01,Mark 22,VEV_6500,XIRECS,0.0,5,1,0.5,0,1,1,0.5,sell,0.0,0.0,0.0,Mark 01->Mark 22,tight,0.0,0.0
174200,Mark 38,Mark 14,HYDROGEL_PACK,XIRECS,9988.0,5,1,9980.0,9972,9988,16,9980.0,buy,1.0,17.0,34.0,Mark 38->Mark 14,wide,-0.36633663366336633,17.366336633663366
174400,Mark 38,Mark 14,HYDROGEL_PACK,XIRECS,9991.0,6,1,9983.5,9976,9991,15,9983.5,buy,2.5,17.5,32.5,Mark 38->Mark 14,wide,-0.36633663366336633,17.866336633663366
178000,Mark 14,Mark 38,HYDROGEL_PACK,XIRECS,9988.0,3,1,9996.0,9988,10004,16,9996.0,sell,-2.0,6.0,30.0,Mark 14->Mark 38,wide,0.23279352226720648,5.767206477732794
179200,Mark 01,Mark 55,VELVETFRUIT_EXTRACT,XIRECS,5243.0,4,1,5245.5,5243,5248,5,5245.5,sell,2.0,1.0,-9.0,Mark 01->Mark 55,med,-0.09839357429718876,1.0983935742971886
180100,Mark 55,Mark 01,VELVETFRUIT_EXTRACT,XIRECS,5248.0,3,1,5245.5,5243,5248,5,5245.5,buy,3.0,-2.0,-7.0,Mark 55->Mark 01,med,0.006147540983606557,-2.0061475409836067
182100,Mark 14,Mark 38,HYDROGEL_PACK,XIRECS,10012.0,3,1,10020.0,10012,10028,16,10020.0,sell,-1.0,-7.0,2.0,Mark 14->Mark 38,wide,0.23279352226720648,-7.232793522267206
182800,Mark 14,Mark 38,HYDROGEL_PACK,XIRECS,10010.0,5,1,10018.0,10010,10026,16,10018.0,sell,-9.5,2.0,-3.0,Mark 14->Mark 38,wide,0.23279352226720648,1.7672064777327936
184200,Mark 38,Mark 14,VEV_4000,XIRECS,1251.0,3,1,1240.5,1230,1251,21,1240.5,buy,1.0,-5.0,-4.0,Mark 38->Mark 14,wide,0.17980295566502463,-5.179802955665025
185800,Mark 38,Mark 14,HYDROGEL_PACK,XIRECS,10040.0,4,1,10032.0,10024,10040,16,10032.0,buy,-9.0,-6.0,-28.0,Mark 38->Mark 14,wide,-0.36633663366336633,-5.633663366336633
187400,Mark 55,Mark 01,VELVETFRUIT_EXTRACT,XIRECS,5235.0,8,1,5232.0,5229,5235,6,5232.0,buy,-0.5,6.5,5.5,Mark 55->Mark 01,med,0.006147540983606557,6.493852459016393
187600,Mark 55,Mark 01,VELVETFRUIT_EXTRACT,XIRECS,5235.0,5,1,5232.0,5229,5235,6,5232.0,buy,-2.0,8.5,4.5,Mark 55->Mark 01,med,0.006147540983606557,8.493852459016393
188400,Mark 14,Mark 38,HYDROGEL_PACK,XIRECS,10021.0,4,1,10029.0,10021,10037,16,10029.0,sell,-3.0,-3.0,-26.0,Mark 14->Mark 38,wide,0.23279352226720648,-3.2327935222672064
188800,Mark 22,Mark 55,VELVETFRUIT_EXTRACT,XIRECS,5232.0,6,1,5233.5,5232,5235,3,5233.5,sell,4.0,4.0,8.0,Mark 22->Mark 55,med,0.5277777777777778,3.4722222222222223
190100,Mark 01,Mark 22,VEV_5300,XIRECS,42.0,3,1,43.0,42,44,2,43.0,sell,-1.0,-1.0,0.0,Mark 01->Mark 22,tight,-0.15267175572519084,-0.8473282442748091
190100,Mark 01,Mark 22,VEV_5400,XIRECS,15.0,3,1,15.5,15,16,1,15.5,sell,-0.5,-0.5,0.0,Mark 01->Mark 22,tight,0.028846153846153848,-0.5288461538461539
190100,Mark 01,Mark 22,VEV_5500,XIRECS,6.0,3,1,6.5,6,7,1,6.5,sell,0.0,0.0,0.0,Mark 01->Mark 22,tight,0.021885521885521887,-0.021885521885521887
190100,Mark 01,Mark 22,VEV_6000,XIRECS,0.0,3,1,0.5,0,1,1,0.5,sell,0.0,0.0,0.0,Mark 01->Mark 22,tight,0.0,0.0
190100,Mark 01,Mark 22,VEV_6500,XIRECS,0.0,3,1,0.5,0,1,1,0.5,sell,0.0,0.0,0.0,Mark 01->Mark 22,tight,0.0,0.0
190600,Mark 14,Mark 55,VELVETFRUIT_EXTRACT,XIRECS,5234.0,6,1,5236.5,5234,5239,5,5236.5,sell,3.0,-3.0,4.0,Mark 14->Mark 55,med,-0.3265993265993266,-2.6734006734006734
190700,Mark 55,Mark 14,VELVETFRUIT_EXTRACT,XIRECS,5239.0,3,1,5236.5,5234,5239,5,5236.5,buy,3.0,-3.0,5.0,Mark 55->Mark 14,med,0.5646153846153846,-3.5646153846153847
191100,Mark 14,Mark 55,VELVETFRUIT_EXTRACT,XIRECS,5237.0,8,1,5239.5,5237,5242,5,5239.5,sell,-2.0,-4.0,1.0,Mark 14->Mark 55,med,-0.3265993265993266,-3.6734006734006734
192600,Mark 14,Mark 55,VELVETFRUIT_EXTRACT,XIRECS,5231.0,3,1,5233.5,5231,5236,5,5233.5,sell,2.0,2.0,10.0,Mark 14->Mark 55,med,-0.3265993265993266,2.3265993265993266
192800,Mark 14,Mark 38,HYDROGEL_PACK,XIRECS,10007.0,5,1,10015.0,10007,10023,16,10015.0,sell,1.0,-8.0,10.0,Mark 14->Mark 38,wide,0.23279352226720648,-8.232793522267206
193400,Mark 38,Mark 14,HYDROGEL_PACK,XIRECS,10026.0,4,1,10018.0,10010,10026,16,10018.0,buy,-3.0,-14.0,3.0,Mark 38->Mark 14,wide,-0.36633663366336633,-13.633663366336634
194200,Mark 38,Mark 14,VEV_4000,XIRECS,1247.0,2,1,1236.5,1226,1247,21,1236.5,buy,-1.5,-1.0,6.0,Mark 38->Mark 14,wide,0.17980295566502463,-1.1798029556650247
194400,Mark 14,Mark 55,VELVETFRUIT_EXTRACT,XIRECS,5234.0,5,1,5236.5,5234,5239,5,5236.5,sell,-3.0,-2.0,3.5,Mark 14->Mark 55,med,-0.3265993265993266,-1.6734006734006734
195200,Mark 55,Mark 14,VELVETFRUIT_EXTRACT,XIRECS,5236.0,3,1,5233.5,5231,5236,5,5233.5,buy,1.0,2.5,8.5,Mark 55->Mark 14,med,0.5646153846153846,1.9353846153846153
195600,Mark 01,Mark 22,VEV_5300,XIRECS,41.0,3,1,42.0,41,43,2,42.0,sell,-1.0,1.0,4.0,Mark 01->Mark 22,tight,-0.15267175572519084,1.1526717557251909
195600,Mark 01,Mark 22,VEV_5400,XIRECS,14.0,3,1,14.5,14,15,1,14.5,sell,0.0,1.0,2.0,Mark 01->Mark 22,tight,0.028846153846153848,0.9711538461538461
195600,Mark 01,Mark 22,VEV_5500,XIRECS,6.0,3,1,6.5,6,7,1,6.5,sell,0.0,0.0,1.0,Mark 01->Mark 22,tight,0.021885521885521887,-0.021885521885521887
195600,Mark 01,Mark 22,VEV_6000,XIRECS,0.0,3,1,0.5,0,1,1,0.5,sell,0.0,0.0,0.0,Mark 01->Mark 22,tight,0.0,0.0
195600,Mark 01,Mark 22,VEV_6500,XIRECS,0.0,3,1,0.5,0,1,1,0.5,sell,0.0,0.0,0.0,Mark 01->Mark 22,tight,0.0,0.0
196100,Mark 55,Mark 14,VELVETFRUIT_EXTRACT,XIRECS,5236.0,5,1,5233.5,5231,5236,5,5233.5,buy,0.0,5.0,11.0,Mark 55->Mark 14,med,0.5646153846153846,4.435384615384615
196700,Mark 14,Mark 38,VEV_4000,XIRECS,1225.0,1,1,1235.5,1225,1246,21,1235.5,sell,0.5,6.0,9.0,Mark 14->Mark 38,wide,-0.17532467532467533,6.175324675324675
197600,Mark 67,Mark 49,VELVETFRUIT_EXTRACT,XIRECS,5237.0,9,1,5236.5,5236,5237,1,5236.5,buy,2.0,0.5,11.5,Mark 67->Mark 49,tight,1.5738636363636365,-1.0738636363636365
198900,Mark 55,Mark 14,VELVETFRUIT_EXTRACT,XIRECS,5243.0,5,1,5240.5,5238,5243,5,5240.5,buy,0.0,1.0,6.0,Mark 55->Mark 14,med,0.5646153846153846,0.43538461538461537
199200,Mark 55,Mark 14,VELVETFRUIT_EXTRACT,XIRECS,5243.0,5,1,5240.5,5238,5243,5,5240.5,buy,-1.0,1.0,7.0,Mark 55->Mark 14,med,0.5646153846153846,0.43538461538461537
199400,Mark 38,Mark 14,HYDROGEL_PACK,XIRECS,10029.0,3,1,10021.0,10013,10029,16,10021.0,buy,-5.0,-0.5,-7.0,Mark 38->Mark 14,wide,-0.36633663366336633,-0.13366336633663367
202300,Mark 38,Mark 14,VEV_4000,XIRECS,1252.0,3,1,1241.5,1231,1252,21,1241.5,buy,1.0,0.0,14.0,Mark 38->Mark 14,wide,0.17980295566502463,-0.17980295566502463
202700,Mark 38,Mark 14,HYDROGEL_PACK,XIRECS,10033.0,5,1,10025.0,10017,10033,16,10025.0,buy,-3.0,-15.0,-26.0,Mark 38->Mark 14,wide,-0.36633663366336633,-14.633663366336634
203200,Mark 14,Mark 38,HYDROGEL_PACK,XIRECS,10014.0,6,1,10022.0,10014,10030,16,10022.0,sell,-3.0,-11.0,-22.0,Mark 14->Mark 38,wide,0.23279352226720648,-11.232793522267206
203700,Mark 55,Mark 14,VELVETFRUIT_EXTRACT,XIRECS,5241.0,3,1,5238.5,5236,5241,5,5238.5,buy,4.0,7.0,18.0,Mark 55->Mark 14,med,0.5646153846153846,6.435384615384615
206200,Mark 14,Mark 22,VEV_5400,XIRECS,16.0,3,1,16.5,16,17,1,16.5,sell,0.0,0.5,0.5,Mark 14->Mark 22,tight,-0.34615384615384615,0.8461538461538461
206200,Mark 01,Mark 22,VEV_6000,XIRECS,0.0,3,1,0.5,0,1,1,0.5,sell,0.0,0.0,0.0,Mark 01->Mark 22,tight,0.0,0.0
206200,Mark 01,Mark 22,VEV_6500,XIRECS,0.0,3,1,0.5,0,1,1,0.5,sell,0.0,0.0,0.0,Mark 01->Mark 22,tight,0.0,0.0
206600,Mark 38,Mark 14,VEV_4000,XIRECS,1255.0,1,1,1244.5,1234,1255,21,1244.5,buy,1.5,2.0,6.0,Mark 38->Mark 14,wide,0.17980295566502463,1.8201970443349753
206800,Mark 01,Mark 55,VELVETFRUIT_EXTRACT,XIRECS,5241.0,6,1,5243.5,5241,5246,5,5243.5,sell,2.0,3.0,8.0,Mark 01->Mark 55,med,-0.09839357429718876,3.0983935742971886
207600,Mark 55,Mark 01,VELVETFRUIT_EXTRACT,XIRECS,5251.0,4,1,5248.0,5245,5251,6,5248.0,buy,-0.5,0.5,3.0,Mark 55->Mark 01,med,0.006147540983606557,0.49385245901639346
210300,Mark 14,Mark 55,VELVETFRUIT_EXTRACT,XIRECS,5250.0,5,1,5252.5,5250,5255,5,5252.5,sell,-1.0,3.0,-6.0,Mark 14->Mark 55,med,-0.3265993265993266,3.3265993265993266
210600,Mark 14,Mark 38,HYDROGEL_PACK,XIRECS,9990.0,5,1,9998.0,9990,10006,16,9998.0,sell,6.0,4.0,8.0,Mark 14->Mark 38,wide,0.23279352226720648,3.7672064777327936
211100,Mark 14,Mark 38,HYDROGEL_PACK,XIRECS,9996.0,6,1,10004.0,9996,10012,16,10004.0,sell,2.0,-2.0,-2.0,Mark 14->Mark 38,wide,0.23279352226720648,-2.2327935222672064
213700,Mark 55,Mark 01,VELVETFRUIT_EXTRACT,XIRECS,5259.0,5,1,5256.5,5254,5259,5,5256.5,buy,-3.0,-4.0,-9.0,Mark 55->Mark 01,med,0.006147540983606557,-4.006147540983607
214400,Mark 01,Mark 55,VELVETFRUIT_EXTRACT,XIRECS,5250.0,3,1,5253.0,5250,5256,6,5253.0,sell,-2.0,-3.5,-5.0,Mark 01->Mark 55,med,-0.09839357429718876,-3.4016064257028114
215000,Mark 14,Mark 55,VELVETFRUIT_EXTRACT,XIRECS,5249.0,4,1,5251.5,5249,5254,5,5251.5,sell,2.0,1.5,1.0,Mark 14->Mark 55,med,-0.3265993265993266,1.8265993265993266
216000,Mark 38,Mark 14,VEV_4000,XIRECS,1263.0,1,1,1252.5,1242,1263,21,1252.5,buy,-2.0,1.0,0.0,Mark 38->Mark 14,wide,0.17980295566502463,0.8201970443349753
217100,Mark 55,Mark 14,VELVETFRUIT_EXTRACT,XIRECS,5257.0,4,1,5254.5,5252,5257,5,5254.5,buy,-3.5,-3.0,-0.5,Mark 55->Mark 14,med,0.5646153846153846,-3.5646153846153847
217500,Mark 38,Mark 14,HYDROGEL_PACK,XIRECS,10011.0,4,1,10003.0,9995,10011,16,10003.0,buy,-2.0,1.0,-22.0,Mark 38->Mark 14,wide,-0.36633663366336633,1.3663366336633662
217800,Mark 38,Mark 14,VEV_4000,XIRECS,1263.0,1,1,1252.5,1242,1263,21,1252.5,buy,0.0,-3.0,1.0,Mark 38->Mark 14,wide,0.17980295566502463,-3.1798029556650245
218500,Mark 38,Mark 14,HYDROGEL_PACK,XIRECS,10017.0,5,1,10009.0,10001,10017,16,10009.0,buy,-4.0,-5.0,-22.0,Mark 38->Mark 14,wide,-0.36633663366336633,-4.633663366336633
218900,Mark 38,Mark 14,HYDROGEL_PACK,XIRECS,10014.0,3,1,10006.0,9998,10014,16,10006.0,buy,-2.0,1.0,-19.0,Mark 38->Mark 14,wide,-0.36633663366336633,1.3663366336633662
218900,Mark 14,Mark 55,VELVETFRUIT_EXTRACT,XIRECS,5249.0,8,1,5251.5,5249,5254,5,5251.5,sell,0.0,-7.0,-5.0,Mark 14->Mark 55,med,-0.3265993265993266,-6.673400673400673
221200,Mark 38,Mark 14,HYDROGEL_PACK,XIRECS,10011.0,5,1,10003.0,9995,10011,16,10003.0,buy,4.0,-8.0,6.0,Mark 38->Mark 14,wide,-0.36633663366336633,-7.633663366336633
221800,Mark 14,Mark 55,VELVETFRUIT_EXTRACT,XIRECS,5241.0,7,1,5243.5,5241,5246,5,5243.5,sell,3.0,4.5,-0.5,Mark 14->Mark 55,med,-0.3265993265993266,4.826599326599327
222900,Mark 14,Mark 38,VEV_4000,XIRECS,1236.0,3,1,1246.5,1236,1257,21,1246.5,sell,-1.0,4.0,-3.0,Mark 14->Mark 38,wide,-0.17532467532467533,4.175324675324675
223300,Mark 38,Mark 14,VEV_4000,XIRECS,1257.0,2,1,1246.5,1236,1257,21,1246.5,buy,2.0,3.0,-4.0,Mark 38->Mark 14,wide,0.17980295566502463,2.8201970443349755
224100,Mark 38,Mark 14,VEV_4000,XIRECS,1258.0,2,1,1247.5,1237,1258,21,1247.5,buy,1.0,6.5,-4.0,Mark 38->Mark 14,wide,0.17980295566502463,6.320197044334975
225100,Mark 55,Mark 14,VELVETFRUIT_EXTRACT,XIRECS,5254.0,5,1,5251.5,5249,5254,5,5251.5,buy,-1.0,2.5,-4.5,Mark 55->Mark 14,med,0.5646153846153846,1.9353846153846153
226100,Mark 14,Mark 38,HYDROGEL_PACK,XIRECS,9974.0,5,1,9982.0,9974,9990,16,9982.0,sell,0.0,-1.0,27.0,Mark 14->Mark 38,wide,0.23279352226720648,-1.2327935222672064
229100,Mark 38,Mark 14,VEV_4000,XIRECS,1258.0,1,1,1247.5,1237,1258,21,1247.5,buy,-1.0,-4.0,6.0,Mark 38->Mark 14,wide,0.17980295566502463,-4.179802955665025
230000,Mark 38,Mark 14,HYDROGEL_PACK,XIRECS,9998.0,4,1,9990.0,9982,9998,16,9990.0,buy,7.0,20.0,21.0,Mark 38->Mark 14,wide,-0.36633663366336633,20.366336633663366
230800,Mark 38,Mark 14,HYDROGEL_PACK,XIRECS,10007.0,3,1,9999.0,9991,10007,16,9999.0,buy,11.0,12.0,24.5,Mark 38->Mark 14,wide,-0.36633663366336633,12.366336633663366
235300,Mark 01,Mark 22,VEV_5400,XIRECS,16.0,3,1,16.5,16,17,1,16.5,sell,0.0,0.5,1.0,Mark 01->Mark 22,tight,0.028846153846153848,0.47115384615384615
235300,Mark 01,Mark 22,VEV_5500,XIRECS,7.0,3,1,7.5,7,8,1,7.5,sell,0.0,0.0,0.0,Mark 01->Mark 22,tight,0.021885521885521887,-0.021885521885521887
235300,Mark 01,Mark 22,VEV_6000,XIRECS,0.0,3,1,0.5,0,1,1,0.5,sell,0.0,0.0,0.0,Mark 01->Mark 22,tight,0.0,0.0
235300,Mark 01,Mark 22,VEV_6500,XIRECS,0.0,3,1,0.5,0,1,1,0.5,sell,0.0,0.0,0.0,Mark 01->Mark 22,tight,0.0,0.0
235900,Mark 14,Mark 38,HYDROGEL_PACK,XIRECS,9998.0,3,1,10006.0,9998,10014,16,10006.0,sell,7.0,13.0,0.0,Mark 14->Mark 38,wide,0.23279352226720648,12.767206477732794
237900,Mark 55,Mark 01,VELVETFRUIT_EXTRACT,XIRECS,5254.0,6,1,5251.0,5248,5254,6,5251.0,buy,-2.5,4.5,6.0,Mark 55->Mark 01,med,0.006147540983606557,4.493852459016393
238200,Mark 38,Mark 14,HYDROGEL_PACK,XIRECS,10025.0,2,1,10017.0,10009,10025,16,10017.0,buy,0.0,-2.0,0.0,Mark 38->Mark 14,wide,-0.36633663366336633,-1.6336633663366338
239400,Mark 14,Mark 55,VELVETFRUIT_EXTRACT,XIRECS,5251.0,6,1,5253.5,5251,5256,5,5253.5,sell,2.0,5.0,12.0,Mark 14->Mark 55,med,-0.3265993265993266,5.326599326599327
239600,Mark 14,Mark 38,HYDROGEL_PACK,XIRECS,10006.0,4,1,10014.0,10006,10022,16,10014.0,sell,-4.0,-2.0,-8.0,Mark 14->Mark 38,wide,0.23279352226720648,-2.2327935222672064
239600,Mark 55,Mark 22,VELVETFRUIT_EXTRACT,XIRECS,5255.0,5,1,5253.5,5252,5255,3,5253.5,buy,1.5,6.0,12.0,Mark 55->Mark 22,med,4.5,1.5
239700,Mark 38,Mark 14,HYDROGEL_PACK,XIRECS,10021.0,6,1,10013.0,10005,10021,16,10013.0,buy,2.0,-3.0,-8.0,Mark 38->Mark 14,wide,-0.36633663366336633,-2.633663366336634
240200,Mark 55,Mark 14,VELVETFRUIT_EXTRACT,XIRECS,5258.0,3,1,5255.5,5253,5258,5,5255.5,buy,2.0,6.0,9.5,Mark 55->Mark 14,med,0.5646153846153846,5.435384615384615
240600,Mark 14,Mark 38,HYDROGEL_PACK,XIRECS,10013.0,3,1,10021.0,10013,10029,16,10021.0,sell,-5.0,-15.0,-23.0,Mark 14->Mark 38,wide,0.23279352226720648,-15.232793522267206
241900,Mark 14,Mark 38,HYDROGEL_PACK,XIRECS,10005.0,2,1,10013.0,10005,10021,16,10013.0,sell,-7.0,-7.5,-19.0,Mark 14->Mark 38,wide,0.23279352226720648,-7.732793522267206
242900,Mark 67,Mark 22,VELVETFRUIT_EXTRACT,XIRECS,5254.0,5,1,5253.0,5252,5254,2,5253.0,buy,1.5,3.5,12.5,Mark 67->Mark 22,tight,2.026666666666667,1.4733333333333332
245600,Mark 55,Mark 14,VELVETFRUIT_EXTRACT,XIRECS,5256.0,6,1,5253.5,5251,5256,5,5253.5,buy,2.5,3.0,10.0,Mark 55->Mark 14,med,0.5646153846153846,2.4353846153846153
248200,Mark 38,Mark 14,HYDROGEL_PACK,XIRECS,10025.0,5,1,10017.0,10009,10025,16,10017.0,buy,0.0,-16.0,-46.0,Mark 38->Mark 14,wide,-0.36633663366336633,-15.633663366336634
248300,Mark 01,Mark 55,VELVETFRUIT_EXTRACT,XIRECS,5257.0,5,1,5259.5,5257,5262,5,5259.5,sell,4.0,5.0,-1.0,Mark 01->Mark 55,med,-0.09839357429718876,5.098393574297189
250500,Mark 01,Mark 55,VELVETFRUIT_EXTRACT,XIRECS,5260.0,4,1,5262.5,5260,5265,5,5262.5,sell,1.0,2.0,-6.5,Mark 01->Mark 55,med,-0.09839357429718876,2.0983935742971886
250600,Mark 14,Mark 38,VEV_4000,XIRECS,1252.0,2,1,1262.5,1252,1273,21,1262.5,sell,1.0,4.5,-5.0,Mark 14->Mark 38,wide,-0.17532467532467533,4.675324675324675
251200,Mark 01,Mark 55,VELVETFRUIT_EXTRACT,XIRECS,5262.0,8,1,5264.5,5262,5267,5,5264.5,sell,0.5,-2.0,-7.0,Mark 01->Mark 55,med,-0.09839357429718876,-1.9016064257028114
251600,Mark 38,Mark 14,VEV_4000,XIRECS,1275.0,3,1,1264.5,1254,1275,21,1264.5,buy,-1.0,0.0,-8.0,Mark 38->Mark 14,wide,0.17980295566502463,-0.17980295566502463
251900,Mark 67,Mark 49,VELVETFRUIT_EXTRACT,XIRECS,5263.0,14,1,5262.0,5261,5263,2,5262.0,buy,2.5,1.5,-7.0,Mark 67->Mark 49,tight,1.5738636363636365,-0.07386363636363646
252400,Mark 55,Mark 14,VELVETFRUIT_EXTRACT,XIRECS,5267.0,6,1,5264.5,5262,5267,5,5264.5,buy,1.0,0.5,-11.5,Mark 55->Mark 14,med,0.5646153846153846,-0.06461538461538463
252500,Mark 14,Mark 38,HYDROGEL_PACK,XIRECS,9988.0,3,1,9996.0,9988,10004,16,9996.0,sell,-1.0,-4.0,2.0,Mark 14->Mark 38,wide,0.23279352226720648,-4.232793522267206
252500,Mark 01,Mark 22,VEV_5300,XIRECS,53.0,2,1,54.0,53,55,2,54.0,sell,0.0,0.0,-4.0,Mark 01->Mark 22,tight,-0.15267175572519084,0.15267175572519084
252500,Mark 01,Mark 22,VEV_5400,XIRECS,19.0,2,1,20.0,19,21,2,20.0,sell,0.0,0.0,-2.0,Mark 01->Mark 22,tight,0.028846153846153848,-0.028846153846153848
252500,Mark 01,Mark 22,VEV_5500,XIRECS,8.0,2,1,9.0,8,10,2,9.0,sell,0.0,0.0,-1.0,Mark 01->Mark 22,tight,0.021885521885521887,-0.021885521885521887
252500,Mark 01,Mark 22,VEV_6000,XIRECS,0.0,2,1,0.5,0,1,1,0.5,sell,0.0,0.0,0.0,Mark 01->Mark 22,tight,0.0,0.0
252500,Mark 01,Mark 22,VEV_6500,XIRECS,0.0,2,1,0.5,0,1,1,0.5,sell,0.0,0.0,0.0,Mark 01->Mark 22,tight,0.0,0.0
253900,Mark 55,Mark 14,VELVETFRUIT_EXTRACT,XIRECS,5266.0,3,1,5263.5,5261,5266,5,5263.5,buy,1.5,1.0,-9.0,Mark 55->Mark 14,med,0.5646153846153846,0.43538461538461537
254700,Mark 38,Mark 14,HYDROGEL_PACK,XIRECS,9997.0,5,1,9992.5,9988,9997,9,9992.5,buy,-7.5,-13.5,8.5,Mark 38->Mark 14,wide,-0.36633663366336633,-13.133663366336634
255000,Mark 14,Mark 38,HYDROGEL_PACK,XIRECS,9980.0,4,1,9988.0,9980,9996,16,9988.0,sell,-10.0,-9.0,13.0,Mark 14->Mark 38,wide,0.23279352226720648,-9.232793522267206
255300,Mark 14,Mark 38,HYDROGEL_PACK,XIRECS,9973.0,2,1,9981.0,9973,9989,16,9981.0,sell,-6.0,-8.0,21.0,Mark 14->Mark 38,wide,0.23279352226720648,-8.232793522267206
255400,Mark 14,Mark 38,HYDROGEL_PACK,XIRECS,9973.0,3,1,9981.0,9973,9989,16,9981.0,sell,-3.0,-8.0,19.0,Mark 14->Mark 38,wide,0.23279352226720648,-8.232793522267206
258400,Mark 67,Mark 22,VELVETFRUIT_EXTRACT,XIRECS,5257.0,8,1,5256.0,5255,5257,2,5256.0,buy,2.0,-2.5,-9.5,Mark 67->Mark 22,tight,2.026666666666667,-4.526666666666667
262200,Mark 01,Mark 55,VELVETFRUIT_EXTRACT,XIRECS,5250.0,4,1,5252.5,5250,5255,5,5252.5,sell,5.0,0.0,7.0,Mark 01->Mark 55,med,-0.09839357429718876,0.09839357429718876
262300,Mark 38,Mark 14,HYDROGEL_PACK,XIRECS,10005.0,4,1,9997.0,9989,10005,16,9997.0,buy,3.0,5.0,-22.0,Mark 38->Mark 14,wide,-0.36633663366336633,5.366336633663367
262800,Mark 38,Mark 14,HYDROGEL_PACK,XIRECS,10008.0,2,1,10000.0,9992,10008,16,10000.0,buy,3.0,0.0,-25.0,Mark 38->Mark 14,wide,-0.36633663366336633,0.36633663366336633
263100,Mark 38,Mark 14,VEV_4000,XIRECS,1268.0,3,1,1257.5,1247,1268,21,1257.5,buy,-4.0,-5.0,3.0,Mark 38->Mark 14,wide,0.17980295566502463,-5.179802955665025
263900,Mark 55,Mark 14,VELVETFRUIT_EXTRACT,XIRECS,5257.0,7,1,5254.5,5252,5257,5,5254.5,buy,-2.0,-4.0,5.0,Mark 55->Mark 14,med,0.5646153846153846,-4.564615384615385
265400,Mark 67,Mark 49,VELVETFRUIT_EXTRACT,XIRECS,5250.0,9,1,5249.0,5248,5250,2,5249.0,buy,1.5,1.5,9.5,Mark 67->Mark 49,tight,1.5738636363636365,-0.07386363636363646
265600,Mark 14,Mark 55,VELVETFRUIT_EXTRACT,XIRECS,5248.0,5,1,5250.5,5248,5253,5,5250.5,sell,0.5,-1.5,9.0,Mark 14->Mark 55,med,-0.3265993265993266,-1.1734006734006734
265800,Mark 55,Mark 14,VELVETFRUIT_EXTRACT,XIRECS,5252.0,7,1,5249.5,5247,5252,5,5249.5,buy,3.0,-2.0,9.0,Mark 55->Mark 14,med,0.5646153846153846,-2.5646153846153847
265900,Mark 14,Mark 38,VEV_4000,XIRECS,1240.0,1,1,1250.5,1240,1261,21,1250.5,sell,0.0,-4.0,7.0,Mark 14->Mark 38,wide,-0.17532467532467533,-3.824675324675325
266300,Mark 38,Mark 14,HYDROGEL_PACK,XIRECS,9999.0,4,1,9991.0,9983,9999,16,9991.0,buy,1.0,1.0,-6.0,Mark 38->Mark 14,wide,-0.36633663366336633,1.3663366336633662
266500,Mark 55,Mark 01,VELVETFRUIT_EXTRACT,XIRECS,5253.0,5,1,5250.0,5247,5253,6,5250.0,buy,0.5,-3.5,4.0,Mark 55->Mark 01,med,0.006147540983606557,-3.5061475409836067
266600,Mark 38,Mark 14,HYDROGEL_PACK,XIRECS,9997.0,4,1,9989.0,9981,9997,16,9989.0,buy,1.0,0.0,-6.0,Mark 38->Mark 14,wide,-0.36633663366336633,0.36633663366336633
267400,Mark 55,Mark 14,VELVETFRUIT_EXTRACT,XIRECS,5253.0,3,1,5250.5,5248,5253,5,5250.5,buy,-3.0,0.0,1.0,Mark 55->Mark 14,med,0.5646153846153846,-0.5646153846153846
268300,Mark 38,Mark 14,VEV_4000,XIRECS,1257.0,2,1,1246.5,1236,1257,21,1246.5,buy,0.0,7.0,9.0,Mark 38->Mark 14,wide,0.17980295566502463,6.820197044334975
268700,Mark 55,Mark 14,VELVETFRUIT_EXTRACT,XIRECS,5251.0,5,1,5248.5,5246,5251,5,5248.5,buy,1.5,10.5,6.5,Mark 55->Mark 14,med,0.5646153846153846,9.935384615384615
269300,Mark 14,Mark 38,HYDROGEL_PACK,XIRECS,9973.0,3,1,9981.0,9973,9989,16,9981.0,sell,1.0,-1.0,-6.0,Mark 14->Mark 38,wide,0.23279352226720648,-1.2327935222672064
269300,Mark 01,Mark 55,VELVETFRUIT_EXTRACT,XIRECS,5247.0,5,1,5249.5,5247,5252,5,5249.5,sell,1.5,8.0,7.0,Mark 01->Mark 55,med,-0.09839357429718876,8.098393574297189
271600,Mark 14,Mark 38,VEV_4000,XIRECS,1248.0,1,1,1258.5,1248,1269,21,1258.5,sell,1.0,2.5,-1.0,Mark 14->Mark 38,wide,-0.17532467532467533,2.675324675324675
272600,Mark 67,Mark 22,VELVETFRUIT_EXTRACT,XIRECS,5261.0,7,1,5260.0,5259,5261,2,5260.0,buy,0.5,-1.5,1.5,Mark 67->Mark 22,tight,2.026666666666667,-3.526666666666667
274600,Mark 38,Mark 14,HYDROGEL_PACK,XIRECS,9989.0,2,1,9981.5,9974,9989,15,9981.5,buy,3.0,1.5,-9.5,Mark 38->Mark 14,wide,-0.36633663366336633,1.8663366336633662
275300,Mark 55,Mark 01,VELVETFRUIT_EXTRACT,XIRECS,5259.0,8,1,5257.5,5256,5259,3,5257.5,buy,1.0,-6.0,7.0,Mark 55->Mark 01,med,0.006147540983606557,-6.006147540983607
275700,Mark 38,Mark 14,HYDROGEL_PACK,XIRECS,9996.0,2,1,9988.0,9980,9996,16,9988.0,buy,-4.0,-9.0,-14.0,Mark 38->Mark 14,wide,-0.36633663366336633,-8.633663366336634
276500,Mark 55,Mark 14,VELVETFRUIT_EXTRACT,XIRECS,5255.0,7,1,5254.0,5253,5255,2,5254.0,buy,-2.5,1.5,11.5,Mark 55->Mark 14,tight,0.6666666666666666,0.8333333333333334
277400,Mark 55,Mark 14,VELVETFRUIT_EXTRACT,XIRECS,5254.0,4,1,5251.5,5249,5254,5,5251.5,buy,1.5,7.0,15.0,Mark 55->Mark 14,med,0.5646153846153846,6.435384615384615
278300,Mark 55,Mark 14,VELVETFRUIT_EXTRACT,XIRECS,5258.0,5,1,5255.5,5253,5258,5,5255.5,buy,1.0,3.0,10.0,Mark 55->Mark 14,med,0.5646153846153846,2.4353846153846153
279600,Mark 55,Mark 01,VELVETFRUIT_EXTRACT,XIRECS,5260.0,4,1,5257.0,5254,5260,6,5257.0,buy,4.0,0.5,11.0,Mark 55->Mark 01,med,0.006147540983606557,0.49385245901639346
280500,Mark 38,Mark 14,HYDROGEL_PACK,XIRECS,9973.0,2,1,9965.0,9957,9973,16,9965.0,buy,-5.0,6.0,-13.0,Mark 38->Mark 14,wide,-0.36633663366336633,6.366336633663367
281100,Mark 14,Mark 38,HYDROGEL_PACK,XIRECS,9952.0,3,1,9960.0,9952,9968,16,9960.0,sell,4.0,11.0,-2.0,Mark 14->Mark 38,wide,0.23279352226720648,10.767206477732794
281400,Mark 67,Mark 49,VELVETFRUIT_EXTRACT,XIRECS,5253.0,15,1,5252.5,5252,5253,1,5252.5,buy,4.0,4.0,20.5,Mark 67->Mark 49,tight,1.5738636363636365,2.4261363636363633
281500,Mark 38,Mark 14,VEV_4000,XIRECS,1267.0,1,1,1256.5,1246,1267,21,1256.5,buy,1.0,0.0,17.5,Mark 38->Mark 14,wide,0.17980295566502463,-0.17980295566502463
282200,Mark 38,Mark 14,HYDROGEL_PACK,XIRECS,9979.0,2,1,9971.0,9963,9979,16,9971.0,buy,-2.0,5.0,-17.0,Mark 38->Mark 14,wide,-0.36633663366336633,5.366336633663367
282200,Mark 14,Mark 55,VELVETFRUIT_EXTRACT,XIRECS,5260.0,7,1,5262.5,5260,5265,5,5262.5,sell,-2.5,-1.0,10.0,Mark 14->Mark 55,med,-0.3265993265993266,-0.6734006734006734
283400,Mark 55,Mark 14,VELVETFRUIT_EXTRACT,XIRECS,5259.0,7,1,5256.5,5254,5259,5,5256.5,buy,4.0,8.0,14.5,Mark 55->Mark 14,med,0.5646153846153846,7.435384615384615
285400,Mark 14,Mark 38,HYDROGEL_PACK,XIRECS,9965.0,5,1,9973.0,9965,9981,16,9973.0,sell,5.0,-7.0,-21.0,Mark 14->Mark 38,wide,0.23279352226720648,-7.232793522267206
286300,Mark 55,Mark 01,VELVETFRUIT_EXTRACT,XIRECS,5266.0,6,1,5263.0,5260,5266,6,5263.0,buy,2.5,2.5,11.5,Mark 55->Mark 01,med,0.006147540983606557,2.4938524590163933
286600,Mark 38,Mark 14,VEV_4000,XIRECS,1277.0,2,1,1266.5,1256,1277,21,1266.5,buy,1.0,0.0,8.0,Mark 38->Mark 14,wide,0.17980295566502463,-0.17980295566502463
288800,Mark 38,Mark 14,VEV_4000,XIRECS,1278.0,1,1,1267.5,1257,1278,21,1267.5,buy,-0.5,6.0,0.0,Mark 38->Mark 14,wide,0.17980295566502463,5.820197044334975
289100,Mark 55,Mark 14,VELVETFRUIT_EXTRACT,XIRECS,5271.0,5,1,5268.5,5266,5271,5,5268.5,buy,-0.5,5.0,0.0,Mark 55->Mark 14,med,0.5646153846153846,4.435384615384615
289200,Mark 67,Mark 49,VELVETFRUIT_EXTRACT,XIRECS,5266.0,11,1,5265.5,5265,5266,1,5265.5,buy,4.0,8.0,2.5,Mark 67->Mark 49,tight,1.5738636363636365,6.426136363636363
290900,Mark 38,Mark 14,HYDROGEL_PACK,XIRECS,9965.0,3,1,9957.0,9949,9965,16,9957.0,buy,-3.0,3.0,-4.0,Mark 38->Mark 14,wide,-0.36633663366336633,3.366336633663366
291400,Mark 55,Mark 49,VELVETFRUIT_EXTRACT,XIRECS,5274.0,5,1,5273.0,5272,5274,2,5273.0,buy,-1.5,-2.0,-4.5,Mark 55->Mark 49,tight,2.6666666666666665,-4.666666666666666
291800,Mark 67,Mark 22,VELVETFRUIT_EXTRACT,XIRECS,5270.0,5,1,5269.0,5268,5270,2,5269.0,buy,3.5,1.5,-0.5,Mark 67->Mark 22,tight,2.026666666666667,-0.5266666666666668
292400,Mark 55,Mark 01,VELVETFRUIT_EXTRACT,XIRECS,5275.0,8,1,5272.0,5269,5275,6,5272.0,buy,0.5,3.0,-2.5,Mark 55->Mark 01,med,0.006147540983606557,2.9938524590163933
292800,Mark 14,Mark 38,HYDROGEL_PACK,XIRECS,9951.0,6,1,9959.0,9951,9967,16,9959.0,sell,2.0,-8.0,-12.0,Mark 14->Mark 38,wide,0.23279352226720648,-8.232793522267206
295000,Mark 38,Mark 14,HYDROGEL_PACK,XIRECS,9959.0,5,1,9951.0,9943,9959,16,9951.0,buy,2.0,-1.0,8.0,Mark 38->Mark 14,wide,-0.36633663366336633,-0.6336633663366337
296900,Mark 01,Mark 55,VELVETFRUIT_EXTRACT,XIRECS,5270.0,5,1,5273.0,5270,5276,6,5273.0,sell,-0.5,-4.5,-6.5,Mark 01->Mark 55,med,-0.09839357429718876,-4.401606425702811
297100,Mark 38,Mark 14,HYDROGEL_PACK,XIRECS,9958.0,3,1,9950.0,9942,9958,16,9950.0,buy,-1.0,3.0,10.0,Mark 38->Mark 14,wide,-0.36633663366336633,3.366336633663366
297400,Mark 55,Mark 14,VELVETFRUIT_EXTRACT,XIRECS,5275.0,4,1,5272.5,5270,5275,5,5272.5,buy,-1.5,-0.5,-1.0,Mark 55->Mark 14,med,0.5646153846153846,-1.0646153846153847
297500,Mark 14,Mark 38,VEV_4000,XIRECS,1262.0,1,1,1273.0,1262,1284,22,1273.0,sell,-2.5,-2.5,-0.5,Mark 14->Mark 38,wide,-0.17532467532467533,-2.324675324675325
301100,Mark 38,Mark 14,HYDROGEL_PACK,XIRECS,9966.0,3,1,9958.0,9950,9966,16,9958.0,buy,-4.5,-12.0,-29.0,Mark 38->Mark 14,wide,-0.36633663366336633,-11.633663366336634
301300,Mark 38,Mark 14,HYDROGEL_PACK,XIRECS,9967.0,2,1,9959.0,9951,9967,16,9959.0,buy,-11.0,-13.0,-27.5,Mark 38->Mark 14,wide,-0.36633663366336633,-12.633663366336634
302400,Mark 14,Mark 38,HYDROGEL_PACK,XIRECS,9936.0,6,1,9944.0,9936,9952,16,9944.0,sell,0.0,9.0,-14.0,Mark 14->Mark 38,wide,0.23279352226720648,8.767206477732794
304000,Mark 01,Mark 22,VEV_5400,XIRECS,19.0,3,1,20.0,19,21,2,20.0,sell,0.0,-0.5,-2.0,Mark 01->Mark 22,tight,0.028846153846153848,-0.5288461538461539
304000,Mark 01,Mark 22,VEV_5500,XIRECS,8.0,3,1,8.5,8,9,1,8.5,sell,0.0,0.0,-1.0,Mark 01->Mark 22,tight,0.021885521885521887,-0.021885521885521887
304000,Mark 01,Mark 22,VEV_6000,XIRECS,0.0,3,1,0.5,0,1,1,0.5,sell,0.0,0.0,0.0,Mark 01->Mark 22,tight,0.0,0.0
304000,Mark 01,Mark 22,VEV_6500,XIRECS,0.0,3,1,0.5,0,1,1,0.5,sell,0.0,0.0,0.0,Mark 01->Mark 22,tight,0.0,0.0
304200,Mark 14,Mark 38,HYDROGEL_PACK,XIRECS,9944.0,2,1,9952.0,9944,9960,16,9952.0,sell,7.0,5.0,-17.0,Mark 14->Mark 38,wide,0.23279352226720648,4.767206477732794
306500,Mark 38,Mark 14,HYDROGEL_PACK,XIRECS,9967.0,5,1,9959.0,9951,9967,16,9959.0,buy,2.0,-8.0,-27.0,Mark 38->Mark 14,wide,-0.36633663366336633,-7.633663366336633
307100,Mark 38,Mark 14,VEV_4000,XIRECS,1279.0,1,1,1268.5,1258,1279,21,1268.5,buy,2.5,-1.5,-22.0,Mark 38->Mark 14,wide,0.17980295566502463,-1.6798029556650247
307500,Mark 55,Mark 01,VELVETFRUIT_EXTRACT,XIRECS,5275.0,8,1,5272.5,5270,5275,5,5272.5,buy,-1.5,-7.0,-25.0,Mark 55->Mark 01,med,0.006147540983606557,-7.006147540983607
308000,Mark 14,Mark 38,HYDROGEL_PACK,XIRECS,9943.0,3,1,9951.0,9943,9959,16,9951.0,sell,0.0,-15.0,-11.0,Mark 14->Mark 38,wide,0.23279352226720648,-15.232793522267206
308100,Mark 14,Mark 38,HYDROGEL_PACK,XIRECS,9945.0,4,1,9953.0,9945,9961,16,9953.0,sell,-1.0,-18.0,-12.0,Mark 14->Mark 38,wide,0.23279352226720648,-18.232793522267208
308100,Mark 67,Mark 22,VELVETFRUIT_EXTRACT,XIRECS,5271.0,6,1,5270.0,5269,5271,2,5270.0,buy,-0.5,-1.5,-22.5,Mark 67->Mark 22,tight,2.026666666666667,-3.526666666666667
309500,Mark 55,Mark 01,VELVETFRUIT_EXTRACT,XIRECS,5268.0,4,1,5265.5,5263,5268,5,5265.5,buy,2.0,-1.0,-18.5,Mark 55->Mark 01,med,0.006147540983606557,-1.0061475409836065
310100,Mark 14,Mark 22,VEV_5400,XIRECS,20.0,5,1,20.5,20,21,1,20.5,sell,-0.5,-1.0,-5.0,Mark 14->Mark 22,tight,-0.34615384615384615,-0.6538461538461539
310100,Mark 01,Mark 22,VEV_5500,XIRECS,8.0,5,1,9.0,8,10,2,9.0,sell,-0.5,-0.5,-2.5,Mark 01->Mark 22,tight,0.021885521885521887,-0.5218855218855218
310100,Mark 01,Mark 22,VEV_6000,XIRECS,0.0,5,1,0.5,0,1,1,0.5,sell,0.0,0.0,0.0,Mark 01->Mark 22,tight,0.0,0.0
310100,Mark 01,Mark 22,VEV_6500,XIRECS,0.0,5,1,0.5,0,1,1,0.5,sell,0.0,0.0,0.0,Mark 01->Mark 22,tight,0.0,0.0
310500,Mark 67,Mark 49,VELVETFRUIT_EXTRACT,XIRECS,5266.0,11,1,5265.5,5265,5266,1,5265.5,buy,-1.0,-1.0,-20.5,Mark 67->Mark 49,tight,1.5738636363636365,-2.5738636363636367
310600,Mark 14,Mark 55,VELVETFRUIT_EXTRACT,XIRECS,5264.0,3,1,5266.5,5264,5269,5,5266.5,sell,-2.0,-2.5,-20.0,Mark 14->Mark 55,med,-0.3265993265993266,-2.1734006734006734
313000,Mark 55,Mark 01,VELVETFRUIT_EXTRACT,XIRECS,5267.0,5,1,5264.5,5262,5267,5,5264.5,buy,-3.0,-14.0,-11.0,Mark 55->Mark 01,med,0.006147540983606557,-14.006147540983607
314500,Mark 14,Mark 55,VELVETFRUIT_EXTRACT,XIRECS,5251.0,4,1,5253.5,5251,5256,5,5253.5,sell,-3.0,-6.0,-3.0,Mark 14->Mark 55,med,-0.3265993265993266,-5.673400673400673
316200,Mark 38,Mark 14,HYDROGEL_PACK,XIRECS,9939.0,5,1,9931.0,9923,9939,16,9931.0,buy,-1.0,9.0,15.0,Mark 38->Mark 14,wide,-0.36633663366336633,9.366336633663366
317100,Mark 14,Mark 38,HYDROGEL_PACK,XIRECS,9929.0,4,1,9937.0,9929,9945,16,9937.0,sell,6.0,5.0,4.0,Mark 14->Mark 38,wide,0.23279352226720648,4.767206477732794
318300,Mark 38,Mark 14,HYDROGEL_PACK,XIRECS,9950.0,4,1,9942.0,9934,9950,16,9942.0,buy,-3.0,6.0,2.5,Mark 38->Mark 14,wide,-0.36633663366336633,6.366336633663367
318900,Mark 55,Mark 14,VELVETFRUIT_EXTRACT,XIRECS,5250.0,4,1,5247.5,5245,5250,5,5247.5,buy,1.0,1.0,1.0,Mark 55->Mark 14,med,0.5646153846153846,0.43538461538461537
321900,Mark 55,Mark 14,VELVETFRUIT_EXTRACT,XIRECS,5253.0,7,1,5250.5,5248,5253,5,5250.5,buy,3.0,1.0,-9.0,Mark 55->Mark 14,med,0.5646153846153846,0.43538461538461537
322000,Mark 01,Mark 22,VEV_5400,XIRECS,16.0,2,1,17.0,16,18,2,17.0,sell,0.0,0.0,-2.0,Mark 01->Mark 22,tight,0.028846153846153848,-0.028846153846153848
322000,Mark 01,Mark 22,VEV_5500,XIRECS,7.0,2,1,7.5,7,8,1,7.5,sell,0.0,0.0,-1.0,Mark 01->Mark 22,tight,0.021885521885521887,-0.021885521885521887
322000,Mark 01,Mark 22,VEV_6000,XIRECS,0.0,2,1,0.5,0,1,1,0.5,sell,0.0,0.0,0.0,Mark 01->Mark 22,tight,0.0,0.0
322000,Mark 01,Mark 22,VEV_6500,XIRECS,0.0,2,1,0.5,0,1,1,0.5,sell,0.0,0.0,0.0,Mark 01->Mark 22,tight,0.0,0.0
322600,Mark 14,Mark 22,VEV_5200,XIRECS,98.0,4,1,99.0,98,100,2,99.0,sell,0.5,-2.5,-7.5,Mark 14->Mark 22,tight,0.015151515151515152,-2.515151515151515
322600,Mark 01,Mark 22,VEV_5500,XIRECS,7.0,4,1,7.5,7,8,1,7.5,sell,0.0,-0.5,-1.0,Mark 01->Mark 22,tight,0.021885521885521887,-0.5218855218855218
322600,Mark 01,Mark 22,VEV_6000,XIRECS,0.0,4,1,0.5,0,1,1,0.5,sell,0.0,0.0,0.0,Mark 01->Mark 22,tight,0.0,0.0
322600,Mark 01,Mark 22,VEV_6500,XIRECS,0.0,4,1,0.5,0,1,1,0.5,sell,0.0,0.0,0.0,Mark 01->Mark 22,tight,0.0,0.0
323300,Mark 38,Mark 14,HYDROGEL_PACK,XIRECS,9956.0,5,1,9948.0,9940,9956,16,9948.0,buy,-7.0,-6.5,1.0,Mark 38->Mark 14,wide,-0.36633663366336633,-6.133663366336633
323300,Mark 38,Mark 14,VEV_4000,XIRECS,1262.0,3,1,1251.5,1241,1262,21,1251.5,buy,1.0,-4.0,-11.0,Mark 38->Mark 14,wide,0.17980295566502463,-4.179802955665025
324100,Mark 55,Mark 14,VELVETFRUIT_EXTRACT,XIRECS,5254.0,7,1,5251.5,5249,5254,5,5251.5,buy,-2.0,0.0,-4.0,Mark 55->Mark 14,med,0.5646153846153846,-0.5646153846153846
324600,Mark 38,Mark 14,HYDROGEL_PACK,XIRECS,9946.0,6,1,9938.0,9930,9946,16,9938.0,buy,6.0,6.0,21.0,Mark 38->Mark 14,wide,-0.36633663366336633,6.366336633663367
325300,Mark 14,Mark 38,VEV_4000,XIRECS,1237.0,2,1,1247.5,1237,1258,21,1247.5,sell,3.0,5.0,0.0,Mark 14->Mark 38,wide,-0.17532467532467533,5.175324675324675
326300,Mark 38,Mark 14,VEV_4000,XIRECS,1261.0,1,1,1250.5,1240,1261,21,1250.5,buy,2.0,1.0,1.0,Mark 38->Mark 14,wide,0.17980295566502463,0.8201970443349753
327600,Mark 14,Mark 38,HYDROGEL_PACK,XIRECS,9928.0,5,1,9936.0,9928,9944,16,9936.0,sell,4.0,8.0,8.0,Mark 14->Mark 38,wide,0.23279352226720648,7.767206477732794
327700,Mark 38,Mark 14,HYDROGEL_PACK,XIRECS,9946.0,6,1,9938.0,9930,9946,16,9938.0,buy,5.0,8.0,3.0,Mark 38->Mark 14,wide,-0.36633663366336633,8.366336633663366
328000,Mark 14,Mark 38,VEV_4000,XIRECS,1243.0,1,1,1253.5,1243,1264,21,1253.5,sell,-2.0,-7.0,-1.0,Mark 14->Mark 38,wide,-0.17532467532467533,-6.824675324675325
328400,Mark 14,Mark 38,VEV_4000,XIRECS,1240.0,1,1,1250.5,1240,1261,21,1250.5,sell,-2.0,-6.0,-1.0,Mark 14->Mark 38,wide,-0.17532467532467533,-5.824675324675325
328500,Mark 14,Mark 55,VELVETFRUIT_EXTRACT,XIRECS,5249.0,4,1,5251.5,5249,5254,5,5251.5,sell,-2.0,-6.0,-3.0,Mark 14->Mark 55,med,-0.3265993265993266,-5.673400673400673
331400,Mark 14,Mark 38,VEV_4000,XIRECS,1232.0,1,1,1242.5,1232,1253,21,1242.5,sell,-1.0,-1.0,7.0,Mark 14->Mark 38,wide,-0.17532467532467533,-0.8246753246753247
333100,Mark 01,Mark 55,VELVETFRUIT_EXTRACT,XIRECS,5236.0,4,1,5238.5,5236,5241,5,5238.5,sell,6.0,11.0,12.0,Mark 01->Mark 55,med,-0.09839357429718876,11.098393574297189
334900,Mark 14,Mark 38,VEV_4000,XIRECS,1237.0,1,1,1247.5,1237,1258,21,1247.5,sell,1.0,5.0,-2.0,Mark 14->Mark 38,wide,-0.17532467532467533,5.175324675324675
335300,Mark 14,Mark 38,HYDROGEL_PACK,XIRECS,9943.0,5,1,9951.0,9943,9959,16,9951.0,sell,-5.0,-6.0,3.0,Mark 14->Mark 38,wide,0.23279352226720648,-6.232793522267206
335300,Mark 01,Mark 55,VELVETFRUIT_EXTRACT,XIRECS,5245.0,3,1,5247.5,5245,5250,5,5247.5,sell,1.0,4.0,-2.0,Mark 01->Mark 55,med,-0.09839357429718876,4.098393574297189
335500,Mark 38,Mark 14,HYDROGEL_PACK,XIRECS,9961.0,4,1,9953.0,9945,9961,16,9953.0,buy,-7.0,-9.0,-2.0,Mark 38->Mark 14,wide,-0.36633663366336633,-8.633663366336634
338100,Mark 14,Mark 38,HYDROGEL_PACK,XIRECS,9931.0,3,1,9939.0,9931,9947,16,9939.0,sell,-3.0,4.0,29.0,Mark 14->Mark 38,wide,0.23279352226720648,3.7672064777327936
339500,Mark 14,Mark 38,HYDROGEL_PACK,XIRECS,9932.0,3,1,9940.0,9932,9948,16,9940.0,sell,1.0,7.0,29.0,Mark 14->Mark 38,wide,0.23279352226720648,6.767206477732794
340100,Mark 38,Mark 14,VEV_4000,XIRECS,1260.0,2,1,1249.5,1239,1260,21,1249.5,buy,1.0,2.0,-1.0,Mark 38->Mark 14,wide,0.17980295566502463,1.8201970443349753
340500,Mark 67,Mark 49,VELVETFRUIT_EXTRACT,XIRECS,5249.0,9,1,5248.5,5248,5249,1,5248.5,buy,2.0,1.0,-2.0,Mark 67->Mark 49,tight,1.5738636363636365,-0.5738636363636365
342000,Mark 14,Mark 55,VELVETFRUIT_EXTRACT,XIRECS,5249.0,6,1,5251.5,5249,5254,5,5251.5,sell,-2.0,-1.5,-7.0,Mark 14->Mark 55,med,-0.3265993265993266,-1.1734006734006734
342400,Mark 14,Mark 38,HYDROGEL_PACK,XIRECS,9944.0,5,1,9952.0,9944,9960,16,9952.0,sell,9.0,11.0,7.5,Mark 14->Mark 38,wide,0.23279352226720648,10.767206477732794
343100,Mark 38,Mark 14,HYDROGEL_PACK,XIRECS,9966.0,2,1,9958.0,9950,9966,16,9958.0,buy,0.0,-2.0,2.0,Mark 38->Mark 14,wide,-0.36633663366336633,-1.6336633663366338
343400,Mark 67,Mark 49,VELVETFRUIT_EXTRACT,XIRECS,5251.0,13,1,5250.5,5250,5251,1,5250.5,buy,1.0,-5.0,-5.5,Mark 67->Mark 49,tight,1.5738636363636365,-6.573863636363637
344000,Mark 14,Mark 38,HYDROGEL_PACK,XIRECS,9953.0,5,1,9961.0,9953,9969,16,9961.0,sell,1.0,-13.0,-8.0,Mark 14->Mark 38,wide,0.23279352226720648,-13.232793522267206
344200,Mark 55,Mark 01,VELVETFRUIT_EXTRACT,XIRECS,5253.0,4,1,5250.5,5248,5253,5,5250.5,buy,-3.0,-4.0,-7.0,Mark 55->Mark 01,med,0.006147540983606557,-4.006147540983607
345700,Mark 38,Mark 14,HYDROGEL_PACK,XIRECS,9957.0,6,1,9949.0,9941,9957,16,9949.0,buy,1.0,20.0,5.0,Mark 38->Mark 14,wide,-0.36633663366336633,20.366336633663366
345700,Mark 14,Mark 55,VELVETFRUIT_EXTRACT,XIRECS,5245.0,7,1,5247.5,5245,5250,5,5247.5,sell,-1.0,0.0,-7.0,Mark 14->Mark 55,med,-0.3265993265993266,0.3265993265993266
345900,Mark 38,Mark 14,HYDROGEL_PACK,XIRECS,9958.0,3,1,9950.0,9942,9958,16,9950.0,buy,7.0,15.5,4.0,Mark 38->Mark 14,wide,-0.36633663366336633,15.866336633663366
348500,Mark 14,Mark 38,HYDROGEL_PACK,XIRECS,9964.0,5,1,9972.0,9964,9980,16,9972.0,sell,1.0,-8.0,-20.0,Mark 14->Mark 38,wide,0.23279352226720648,-8.232793522267206
350300,Mark 01,Mark 22,VEV_5400,XIRECS,15.0,4,1,16.0,15,17,2,16.0,sell,-0.5,-0.5,0.5,Mark 01->Mark 22,tight,0.028846153846153848,-0.5288461538461539
350300,Mark 01,Mark 22,VEV_5500,XIRECS,6.0,4,1,6.5,6,7,1,6.5,sell,0.0,0.0,0.5,Mark 01->Mark 22,tight,0.021885521885521887,-0.021885521885521887
350300,Mark 01,Mark 22,VEV_6000,XIRECS,0.0,4,1,0.5,0,1,1,0.5,sell,0.0,0.0,0.0,Mark 01->Mark 22,tight,0.0,0.0
350300,Mark 01,Mark 22,VEV_6500,XIRECS,0.0,4,1,0.5,0,1,1,0.5,sell,0.0,0.0,0.0,Mark 01->Mark 22,tight,0.0,0.0
350900,Mark 38,Mark 14,VEV_4000,XIRECS,1256.0,3,1,1245.5,1235,1256,21,1245.5,buy,-2.0,-1.0,3.0,Mark 38->Mark 14,wide,0.17980295566502463,-1.1798029556650247
351000,Mark 38,Mark 14,HYDROGEL_PACK,XIRECS,9973.0,3,1,9965.0,9957,9973,16,9965.0,buy,-3.0,-6.0,-8.0,Mark 38->Mark 14,wide,-0.36633663366336633,-5.633663366336633
356800,Mark 14,Mark 38,VEV_4000,XIRECS,1234.0,2,1,1244.5,1234,1255,21,1244.5,sell,-1.0,4.0,6.0,Mark 14->Mark 38,wide,-0.17532467532467533,4.175324675324675
357100,Mark 38,Mark 14,HYDROGEL_PACK,XIRECS,9963.0,6,1,9955.0,9947,9963,16,9955.0,buy,1.0,-3.0,5.0,Mark 38->Mark 14,wide,-0.36633663366336633,-2.633663366336634
358100,Mark 14,Mark 55,VELVETFRUIT_EXTRACT,XIRECS,5245.0,6,1,5247.5,5245,5250,5,5247.5,sell,0.0,1.0,3.0,Mark 14->Mark 55,med,-0.3265993265993266,1.3265993265993266
358300,Mark 14,Mark 38,VEV_4000,XIRECS,1237.0,3,1,1247.5,1237,1258,21,1247.5,sell,1.0,1.0,2.0,Mark 14->Mark 38,wide,-0.17532467532467533,1.1753246753246753
358500,Mark 38,Mark 14,HYDROGEL_PACK,XIRECS,9960.0,6,1,9952.0,9944,9960,16,9952.0,buy,-1.0,6.0,23.0,Mark 38->Mark 14,wide,-0.36633663366336633,6.366336633663367
360600,Mark 14,Mark 38,HYDROGEL_PACK,XIRECS,9951.0,2,1,9959.0,9951,9967,16,9959.0,sell,-1.0,11.0,10.0,Mark 14->Mark 38,wide,0.23279352226720648,10.767206477732794
362700,Mark 14,Mark 38,HYDROGEL_PACK,XIRECS,9961.0,3,1,9969.0,9961,9977,16,9969.0,sell,4.0,0.0,-12.0,Mark 14->Mark 38,wide,0.23279352226720648,-0.23279352226720648
363100,Mark 38,Mark 14,HYDROGEL_PACK,XIRECS,9983.0,4,1,9975.0,9967,9983,16,9975.0,buy,-8.0,-2.0,-15.0,Mark 38->Mark 14,wide,-0.36633663366336633,-1.6336633663366338
364800,Mark 38,Mark 14,HYDROGEL_PACK,XIRECS,9978.0,5,1,9970.0,9962,9978,16,9970.0,buy,1.5,-8.0,-13.0,Mark 38->Mark 14,wide,-0.36633663366336633,-7.633663366336633
364900,Mark 14,Mark 55,VELVETFRUIT_EXTRACT,XIRECS,5251.0,7,1,5253.5,5251,5256,5,5253.5,sell,0.0,-2.0,-2.0,Mark 14->Mark 55,med,-0.3265993265993266,-1.6734006734006734
365000,Mark 14,Mark 38,VEV_4000,XIRECS,1242.0,2,1,1252.5,1242,1263,21,1252.5,sell,1.0,-2.0,-1.0,Mark 14->Mark 38,wide,-0.17532467532467533,-1.8246753246753247
365600,Mark 14,Mark 55,VELVETFRUIT_EXTRACT,XIRECS,5250.0,8,1,5252.5,5250,5255,5,5252.5,sell,-3.5,-2.5,-3.0,Mark 14->Mark 55,med,-0.3265993265993266,-2.1734006734006734
367900,Mark 67,Mark 22,VELVETFRUIT_EXTRACT,XIRECS,5248.0,5,1,5247.0,5246,5248,2,5247.0,buy,5.0,4.5,1.5,Mark 67->Mark 22,tight,2.026666666666667,2.473333333333333
368500,Mark 38,Mark 14,HYDROGEL_PACK,XIRECS,9983.0,6,1,9975.0,9967,9983,16,9975.0,buy,-6.0,-7.0,-16.0,Mark 38->Mark 14,wide,-0.36633663366336633,-6.633663366336633
371400,Mark 14,Mark 38,HYDROGEL_PACK,XIRECS,9953.0,2,1,9961.0,9953,9969,16,9961.0,sell,5.0,1.0,-18.0,Mark 14->Mark 38,wide,0.23279352226720648,0.7672064777327935
373400,Mark 38,Mark 14,HYDROGEL_PACK,XIRECS,9970.0,3,1,9962.0,9954,9970,16,9962.0,buy,1.0,-6.0,-27.0,Mark 38->Mark 14,wide,-0.36633663366336633,-5.633663366336633
373700,Mark 14,Mark 38,HYDROGEL_PACK,XIRECS,9954.0,5,1,9962.0,9954,9970,16,9962.0,sell,-1.0,-1.0,-22.5,Mark 14->Mark 38,wide,0.23279352226720648,-1.2327935222672064
374100,Mark 14,Mark 55,VELVETFRUIT_EXTRACT,XIRECS,5253.0,6,1,5255.5,5253,5258,5,5255.5,sell,-1.5,-8.0,-6.0,Mark 14->Mark 55,med,-0.3265993265993266,-7.673400673400673
374400,Mark 14,Mark 55,VELVETFRUIT_EXTRACT,XIRECS,5253.0,4,1,5255.5,5253,5258,5,5255.5,sell,-4.0,-8.0,-7.0,Mark 14->Mark 55,med,-0.3265993265993266,-7.673400673400673
374800,Mark 14,Mark 38,VEV_4000,XIRECS,1242.0,3,1,1252.5,1242,1263,21,1252.5,sell,-1.0,-6.0,-3.0,Mark 14->Mark 38,wide,-0.17532467532467533,-5.824675324675325
375100,Mark 14,Mark 38,HYDROGEL_PACK,XIRECS,9947.0,2,1,9955.0,9947,9963,16,9955.0,sell,6.0,10.0,-17.0,Mark 14->Mark 38,wide,0.23279352226720648,9.767206477732794
376300,Mark 14,Mark 38,VEV_4000,XIRECS,1236.0,2,1,1246.5,1236,1257,21,1246.5,sell,0.0,3.0,-2.0,Mark 14->Mark 38,wide,-0.17532467532467533,3.175324675324675
376600,Mark 01,Mark 22,VEV_5300,XIRECS,46.0,5,1,47.0,46,48,2,47.0,sell,1.0,0.5,-0.5,Mark 01->Mark 22,tight,-0.15267175572519084,0.6526717557251909
376600,Mark 01,Mark 22,VEV_5400,XIRECS,15.0,5,1,15.5,15,16,1,15.5,sell,1.0,0.5,0.0,Mark 01->Mark 22,tight,0.028846153846153848,0.47115384615384615
376600,Mark 01,Mark 22,VEV_5500,XIRECS,6.0,5,1,6.5,6,7,1,6.5,sell,0.5,0.0,0.0,Mark 01->Mark 22,tight,0.021885521885521887,-0.021885521885521887
376600,Mark 01,Mark 22,VEV_6000,XIRECS,0.0,5,1,0.5,0,1,1,0.5,sell,0.0,0.0,0.0,Mark 01->Mark 22,tight,0.0,0.0
376600,Mark 01,Mark 22,VEV_6500,XIRECS,0.0,5,1,0.5,0,1,1,0.5,sell,0.0,0.0,0.0,Mark 01->Mark 22,tight,0.0,0.0
377900,Mark 14,Mark 22,VEV_5300,XIRECS,47.0,2,1,48.0,47,49,2,48.0,sell,0.0,1.0,-1.5,Mark 14->Mark 22,tight,-0.2413793103448276,1.2413793103448276
377900,Mark 01,Mark 22,VEV_5500,XIRECS,6.0,2,1,6.5,6,7,1,6.5,sell,0.5,1.0,0.0,Mark 01->Mark 22,tight,0.021885521885521887,0.9781144781144782
377900,Mark 01,Mark 22,VEV_6000,XIRECS,0.0,2,1,0.5,0,1,1,0.5,sell,0.0,0.0,0.0,Mark 01->Mark 22,tight,0.0,0.0
377900,Mark 01,Mark 22,VEV_6500,XIRECS,0.0,2,1,0.5,0,1,1,0.5,sell,0.0,0.0,0.0,Mark 01->Mark 22,tight,0.0,0.0
380100,Mark 38,Mark 14,HYDROGEL_PACK,XIRECS,9957.0,6,1,9949.0,9941,9957,16,9949.0,buy,-12.0,-14.0,-3.5,Mark 38->Mark 14,wide,-0.36633663366336633,-13.633663366336634
380700,Mark 38,Mark 14,HYDROGEL_PACK,XIRECS,9948.0,4,1,9940.0,9932,9948,16,9940.0,buy,2.0,-8.5,5.5,Mark 38->Mark 14,wide,-0.36633663366336633,-8.133663366336634
380900,Mark 01,Mark 55,VELVETFRUIT_EXTRACT,XIRECS,5250.0,8,1,5253.0,5250,5256,6,5253.0,sell,1.5,-2.5,-7.5,Mark 01->Mark 55,med,-0.09839357429718876,-2.4016064257028114
381700,Mark 55,Mark 14,VELVETFRUIT_EXTRACT,XIRECS,5255.0,8,1,5252.5,5250,5255,5,5252.5,buy,0.0,-4.0,-10.0,Mark 55->Mark 14,med,0.5646153846153846,-4.564615384615385
383300,Mark 38,Mark 14,HYDROGEL_PACK,XIRECS,9945.0,5,1,9937.0,9929,9945,16,9937.0,buy,2.0,3.0,18.0,Mark 38->Mark 14,wide,-0.36633663366336633,3.366336633663366
383600,Mark 38,Mark 14,HYDROGEL_PACK,XIRECS,9948.0,4,1,9940.0,9932,9948,16,9940.0,buy,1.0,-8.0,13.0,Mark 38->Mark 14,wide,-0.36633663366336633,-7.633663366336633
383700,Mark 14,Mark 55,VELVETFRUIT_EXTRACT,XIRECS,5246.0,7,1,5248.5,5246,5251,5,5248.5,sell,1.0,1.0,-5.0,Mark 14->Mark 55,med,-0.3265993265993266,1.3265993265993266
384200,Mark 14,Mark 38,VEV_4000,XIRECS,1239.0,1,1,1249.5,1239,1260,21,1249.5,sell,-2.0,-5.0,-4.0,Mark 14->Mark 38,wide,-0.17532467532467533,-4.824675324675325
384500,Mark 14,Mark 38,VEV_4000,XIRECS,1238.0,3,1,1248.5,1238,1259,21,1248.5,sell,0.0,-3.0,-8.5,Mark 14->Mark 38,wide,-0.17532467532467533,-2.824675324675325
385800,Mark 38,Mark 14,HYDROGEL_PACK,XIRECS,9943.0,6,1,9935.0,9927,9943,16,9935.0,buy,-1.0,6.0,9.0,Mark 38->Mark 14,wide,-0.36633663366336633,6.366336633663367
385900,Mark 14,Mark 55,VELVETFRUIT_EXTRACT,XIRECS,5245.0,3,1,5247.5,5245,5250,5,5247.5,sell,-2.5,-1.0,-4.0,Mark 14->Mark 55,med,-0.3265993265993266,-0.6734006734006734
386000,Mark 14,Mark 55,VELVETFRUIT_EXTRACT,XIRECS,5244.0,8,1,5246.5,5244,5249,5,5246.5,sell,-1.0,0.0,-3.0,Mark 14->Mark 55,med,-0.3265993265993266,0.3265993265993266
386800,Mark 38,Mark 14,VEV_4000,XIRECS,1257.0,2,1,1246.5,1236,1257,21,1246.5,buy,0.0,-1.0,-5.0,Mark 38->Mark 14,wide,0.17980295566502463,-1.1798029556650247
390100,Mark 67,Mark 49,VELVETFRUIT_EXTRACT,XIRECS,5244.0,10,1,5243.0,5242,5244,2,5243.0,buy,1.5,1.5,-0.5,Mark 67->Mark 49,tight,1.5738636363636365,-0.07386363636363646
390800,Mark 14,Mark 38,VEV_4000,XIRECS,1233.0,3,1,1243.5,1233,1254,21,1243.5,sell,1.0,0.0,2.0,Mark 14->Mark 38,wide,-0.17532467532467533,0.17532467532467533
392300,Mark 14,Mark 55,VELVETFRUIT_EXTRACT,XIRECS,5242.0,5,1,5244.5,5242,5247,5,5244.5,sell,-1.0,-5.0,-4.0,Mark 14->Mark 55,med,-0.3265993265993266,-4.673400673400673
393000,Mark 01,Mark 55,VELVETFRUIT_EXTRACT,XIRECS,5242.0,4,1,5244.5,5242,5247,5,5244.5,sell,-0.5,-3.5,-1.0,Mark 01->Mark 55,med,-0.09839357429718876,-3.4016064257028114
393900,Mark 01,Mark 55,VELVETFRUIT_EXTRACT,XIRECS,5241.0,6,1,5242.0,5241,5243,2,5242.0,sell,-3.0,1.5,1.5,Mark 01->Mark 55,tight,2.3636363636363638,-0.8636363636363638
394700,Mark 14,Mark 55,VELVETFRUIT_EXTRACT,XIRECS,5237.0,8,1,5239.5,5237,5242,5,5239.5,sell,0.0,3.0,4.0,Mark 14->Mark 55,med,-0.3265993265993266,3.3265993265993266
394800,Mark 14,Mark 38,HYDROGEL_PACK,XIRECS,9941.0,5,1,9949.0,9941,9957,16,9949.0,sell,-2.0,-2.0,-20.0,Mark 14->Mark 38,wide,0.23279352226720648,-2.2327935222672064
396000,Mark 55,Mark 01,VELVETFRUIT_EXTRACT,XIRECS,5246.0,8,1,5243.5,5241,5246,5,5243.5,buy,-2.0,-3.0,-2.5,Mark 55->Mark 01,med,0.006147540983606557,-3.0061475409836067
396200,Mark 01,Mark 55,VELVETFRUIT_EXTRACT,XIRECS,5240.0,7,1,5242.5,5240,5245,5,5242.5,sell,0.0,-4.0,0.0,Mark 01->Mark 55,med,-0.09839357429718876,-3.9016064257028114
396300,Mark 38,Mark 14,HYDROGEL_PACK,XIRECS,9956.0,4,1,9948.5,9941,9956,15,9948.5,buy,-1.5,-12.5,-10.5,Mark 38->Mark 14,wide,-0.36633663366336633,-12.133663366336634
397800,Mark 38,Mark 14,HYDROGEL_PACK,XIRECS,9950.0,4,1,9942.0,9934,9950,16,9942.0,buy,-6.0,1.0,-8.0,Mark 38->Mark 14,wide,-0.36633663366336633,1.3663366336633662
398400,Mark 14,Mark 55,VELVETFRUIT_EXTRACT,XIRECS,5235.0,6,1,5237.5,5235,5240,5,5237.5,sell,1.0,6.0,1.0,Mark 14->Mark 55,med,-0.3265993265993266,6.326599326599327
399700,Mark 01,Mark 22,VEV_5400,XIRECS,14.0,5,1,14.5,14,15,1,14.5,sell,0.0,1.0,-1.0,Mark 01->Mark 22,tight,0.028846153846153848,0.9711538461538461
399700,Mark 01,Mark 22,VEV_5500,XIRECS,6.0,5,1,6.5,6,7,1,6.5,sell,0.0,0.0,-1.0,Mark 01->Mark 22,tight,0.021885521885521887,-0.021885521885521887
399700,Mark 01,Mark 22,VEV_6000,XIRECS,0.0,5,1,0.5,0,1,1,0.5,sell,0.0,0.0,0.0,Mark 01->Mark 22,tight,0.0,0.0
399700,Mark 01,Mark 22,VEV_6500,XIRECS,0.0,5,1,0.5,0,1,1,0.5,sell,0.0,0.0,0.0,Mark 01->Mark 22,tight,0.0,0.0
399900,Mark 14,Mark 38,VEV_4000,XIRECS,1231.0,1,1,1241.5,1231,1252,21,1241.5,sell,2.0,3.0,-7.0,Mark 14->Mark 38,wide,-0.17532467532467533,3.175324675324675
400100,Mark 14,Mark 55,VELVETFRUIT_EXTRACT,XIRECS,5240.0,8,1,5242.5,5240,5245,5,5242.5,sell,1.0,1.0,-6.0,Mark 14->Mark 55,med,-0.3265993265993266,1.3265993265993266
401900,Mark 01,Mark 55,VELVETFRUIT_EXTRACT,XIRECS,5242.0,8,1,5244.5,5242,5247,5,5244.5,sell,-2.0,-1.0,-11.0,Mark 01->Mark 55,med,-0.09839357429718876,-0.9016064257028112
402400,Mark 14,Mark 55,VELVETFRUIT_EXTRACT,XIRECS,5240.0,6,1,5242.5,5240,5245,5,5242.5,sell,1.5,1.5,-7.0,Mark 14->Mark 55,med,-0.3265993265993266,1.8265993265993266
403500,Mark 01,Mark 55,VELVETFRUIT_EXTRACT,XIRECS,5239.0,8,1,5241.5,5239,5244,5,5241.5,sell,1.5,1.5,-6.5,Mark 01->Mark 55,med,-0.09839357429718876,1.5983935742971886
403600,Mark 14,Mark 38,HYDROGEL_PACK,XIRECS,9922.0,6,1,9930.0,9922,9938,16,9930.0,sell,-2.0,0.0,20.0,Mark 14->Mark 38,wide,0.23279352226720648,-0.23279352226720648
404200,Mark 55,Mark 14,VELVETFRUIT_EXTRACT,XIRECS,5247.0,4,1,5244.5,5242,5247,5,5244.5,buy,-1.0,-2.0,-8.5,Mark 55->Mark 14,med,0.5646153846153846,-2.5646153846153847
406400,Mark 55,Mark 14,VELVETFRUIT_EXTRACT,XIRECS,5246.0,5,1,5243.5,5241,5246,5,5243.5,buy,-0.5,-5.0,-10.0,Mark 55->Mark 14,med,0.5646153846153846,-5.564615384615385
409300,Mark 14,Mark 38,HYDROGEL_PACK,XIRECS,9929.0,6,1,9937.0,9929,9945,16,9937.0,sell,6.0,5.0,10.0,Mark 14->Mark 38,wide,0.23279352226720648,4.767206477732794
410400,Mark 01,Mark 22,VEV_5400,XIRECS,13.0,3,1,13.5,13,14,1,13.5,sell,0.0,0.0,-1.0,Mark 01->Mark 22,tight,0.028846153846153848,-0.028846153846153848
410400,Mark 01,Mark 22,VEV_5500,XIRECS,5.0,3,1,5.5,5,6,1,5.5,sell,0.0,0.0,-0.5,Mark 01->Mark 22,tight,0.021885521885521887,-0.021885521885521887
410400,Mark 01,Mark 22,VEV_6000,XIRECS,0.0,3,1,0.5,0,1,1,0.5,sell,0.0,0.0,0.0,Mark 01->Mark 22,tight,0.0,0.0
410400,Mark 01,Mark 22,VEV_6500,XIRECS,0.0,3,1,0.5,0,1,1,0.5,sell,0.0,0.0,0.0,Mark 01->Mark 22,tight,0.0,0.0
410600,Mark 55,Mark 14,VELVETFRUIT_EXTRACT,XIRECS,5239.0,6,1,5236.5,5234,5239,5,5236.5,buy,-1.5,-1.0,-11.0,Mark 55->Mark 14,med,0.5646153846153846,-1.5646153846153847
411000,Mark 38,Mark 14,HYDROGEL_PACK,XIRECS,9951.0,4,1,9943.0,9935,9951,16,9943.0,buy,2.0,8.0,5.0,Mark 38->Mark 14,wide,-0.36633663366336633,8.366336633663366
411200,Mark 55,Mark 01,VELVETFRUIT_EXTRACT,XIRECS,5236.0,7,1,5233.5,5231,5236,5,5233.5,buy,0.0,0.5,-6.0,Mark 55->Mark 01,med,0.006147540983606557,0.49385245901639346
411300,Mark 55,Mark 01,VELVETFRUIT_EXTRACT,XIRECS,5236.0,7,1,5233.5,5231,5236,5,5233.5,buy,-1.0,0.0,-4.5,Mark 55->Mark 01,med,0.006147540983606557,-0.006147540983606557
411400,Mark 38,Mark 14,HYDROGEL_PACK,XIRECS,9952.0,3,1,9944.0,9936,9952,16,9944.0,buy,-2.0,3.0,11.0,Mark 38->Mark 14,wide,-0.36633663366336633,3.366336633663366
412300,Mark 38,Mark 14,HYDROGEL_PACK,XIRECS,9953.0,2,1,9945.0,9937,9953,16,9945.0,buy,5.0,5.0,9.0,Mark 38->Mark 14,wide,-0.36633663366336633,5.366336633663367
414000,Mark 38,Mark 14,HYDROGEL_PACK,XIRECS,9962.0,2,1,9954.0,9946,9962,16,9954.0,buy,1.0,0.0,1.0,Mark 38->Mark 14,wide,-0.36633663366336633,0.36633663366336633
414400,Mark 14,Mark 38,HYDROGEL_PACK,XIRECS,9945.0,3,1,9953.0,9945,9961,16,9953.0,sell,-4.0,1.0,-3.5,Mark 14->Mark 38,wide,0.23279352226720648,0.7672064777327935
414800,Mark 14,Mark 38,HYDROGEL_PACK,XIRECS,9940.0,3,1,9948.0,9940,9956,16,9948.0,sell,8.5,13.0,7.5,Mark 14->Mark 38,wide,0.23279352226720648,12.767206477732794
415700,Mark 55,Mark 14,VELVETFRUIT_EXTRACT,XIRECS,5234.0,3,1,5231.5,5229,5234,5,5231.5,buy,2.0,0.0,4.0,Mark 55->Mark 14,med,0.5646153846153846,-0.5646153846153846
419700,Mark 38,Mark 14,VEV_4000,XIRECS,1241.0,1,1,1230.5,1220,1241,21,1230.5,buy,-3.0,-2.0,0.0,Mark 38->Mark 14,wide,0.17980295566502463,-2.1798029556650245
419900,Mark 55,Mark 01,VELVETFRUIT_EXTRACT,XIRECS,5231.0,6,1,5228.5,5226,5231,5,5228.5,buy,-1.5,0.5,2.0,Mark 55->Mark 01,med,0.006147540983606557,0.49385245901639346
421500,Mark 14,Mark 38,HYDROGEL_PACK,XIRECS,9946.0,3,1,9954.0,9946,9962,16,9954.0,sell,-3.0,2.0,-17.0,Mark 14->Mark 38,wide,0.23279352226720648,1.7672064777327936
424500,Mark 55,Mark 14,VELVETFRUIT_EXTRACT,XIRECS,5235.0,7,1,5232.5,5230,5235,5,5232.5,buy,2.0,2.0,-2.0,Mark 55->Mark 14,med,0.5646153846153846,1.4353846153846153
425400,Mark 38,Mark 14,VEV_4000,XIRECS,1246.0,1,1,1236.0,1226,1246,20,1236.0,buy,-2.0,-1.0,-2.0,Mark 38->Mark 14,wide,0.17980295566502463,-1.1798029556650247
426800,Mark 14,Mark 55,VELVETFRUIT_EXTRACT,XIRECS,5232.0,8,1,5234.5,5232,5237,5,5234.5,sell,0.0,-3.5,0.5,Mark 14->Mark 55,med,-0.3265993265993266,-3.1734006734006734
427000,Mark 14,Mark 38,HYDROGEL_PACK,XIRECS,9950.0,2,1,9958.0,9950,9966,16,9958.0,sell,-5.0,-16.0,-34.0,Mark 14->Mark 38,wide,0.23279352226720648,-16.232793522267208
427600,Mark 55,Mark 14,VELVETFRUIT_EXTRACT,XIRECS,5237.0,8,1,5234.5,5232,5237,5,5234.5,buy,-3.0,-4.0,-3.0,Mark 55->Mark 14,med,0.5646153846153846,-4.564615384615385
428000,Mark 01,Mark 22,VEV_5400,XIRECS,13.0,2,1,13.5,13,14,1,13.5,sell,0.0,0.0,0.0,Mark 01->Mark 22,tight,0.028846153846153848,-0.028846153846153848
428000,Mark 01,Mark 22,VEV_5500,XIRECS,5.0,2,1,5.5,5,6,1,5.5,sell,-0.5,0.0,0.0,Mark 01->Mark 22,tight,0.021885521885521887,-0.021885521885521887
428000,Mark 01,Mark 22,VEV_6000,XIRECS,0.0,2,1,0.5,0,1,1,0.5,sell,0.0,0.0,0.0,Mark 01->Mark 22,tight,0.0,0.0
428000,Mark 01,Mark 22,VEV_6500,XIRECS,0.0,2,1,0.5,0,1,1,0.5,sell,0.0,0.0,0.0,Mark 01->Mark 22,tight,0.0,0.0
430200,Mark 55,Mark 14,VELVETFRUIT_EXTRACT,XIRECS,5230.0,3,1,5227.5,5225,5230,5,5227.5,buy,0.0,2.0,7.0,Mark 55->Mark 14,med,0.5646153846153846,1.4353846153846153
431000,Mark 55,Mark 01,VELVETFRUIT_EXTRACT,XIRECS,5233.0,5,1,5230.5,5228,5233,5,5230.5,buy,-1.5,1.0,5.0,Mark 55->Mark 01,med,0.006147540983606557,0.9938524590163934
431700,Mark 55,Mark 14,VELVETFRUIT_EXTRACT,XIRECS,5233.0,4,1,5230.5,5228,5233,5,5230.5,buy,-1.0,1.0,2.0,Mark 55->Mark 14,med,0.5646153846153846,0.43538461538461537
432100,Mark 55,Mark 14,VELVETFRUIT_EXTRACT,XIRECS,5234.0,3,1,5231.5,5229,5234,5,5231.5,buy,-2.5,-1.5,2.0,Mark 55->Mark 14,med,0.5646153846153846,-2.0646153846153847
435300,Mark 01,Mark 55,VELVETFRUIT_EXTRACT,XIRECS,5225.0,8,1,5227.5,5225,5230,5,5227.5,sell,4.0,5.5,17.0,Mark 01->Mark 55,med,-0.09839357429718876,5.598393574297189
436200,Mark 38,Mark 14,HYDROGEL_PACK,XIRECS,9935.0,5,1,9927.0,9919,9935,16,9927.0,buy,-1.0,-0.5,-5.0,Mark 38->Mark 14,wide,-0.36633663366336633,-0.13366336633663367
437100,Mark 38,Mark 22,VEV_4000,XIRECS,1233.0,1,1,1228.0,1223,1233,10,1228.0,buy,4.0,10.5,24.5,Mark 38->Mark 22,wide,5.0,5.5
437100,Mark 38,Mark 22,VEV_4500,XIRECS,733.0,1,1,729.5,726,733,7,729.5,buy,2.5,9.0,22.5,Mark 38->Mark 22,wide,3.75,5.25
437100,Mark 38,Mark 22,VEV_5000,XIRECS,238.0,1,1,237.0,236,238,2,237.0,buy,0.5,7.0,20.0,Mark 38->Mark 22,tight,1.5,5.5
437100,Mark 38,Mark 22,VEV_5100,XIRECS,152.0,1,1,151.0,150,152,2,151.0,buy,0.0,5.5,17.0,Mark 38->Mark 22,tight,1.0,4.5
437100,Mark 38,Mark 22,VEV_5200,XIRECS,87.0,1,1,86.5,86,87,1,86.5,buy,0.0,3.5,12.0,Mark 38->Mark 22,tight,0.25,3.25
437100,Mark 38,Mark 22,VEV_5300,XIRECS,41.0,1,1,40.5,40,41,1,40.5,buy,0.5,2.5,8.0,Mark 38->Mark 22,tight,2.5,0.0
437100,Mark 01,Mark 22,VEV_5400,XIRECS,13.0,4,1,13.5,13,14,1,13.5,sell,0.0,1.0,3.0,Mark 01->Mark 22,tight,0.028846153846153848,0.9711538461538461
437100,Mark 01,Mark 22,VEV_5500,XIRECS,5.0,4,1,5.5,5,6,1,5.5,sell,0.0,0.0,1.0,Mark 01->Mark 22,tight,0.021885521885521887,-0.021885521885521887
437100,Mark 01,Mark 22,VEV_6000,XIRECS,0.0,4,1,0.5,0,1,1,0.5,sell,0.0,0.0,0.0,Mark 01->Mark 22,tight,0.0,0.0
437100,Mark 01,Mark 22,VEV_6500,XIRECS,0.0,4,1,0.5,0,1,1,0.5,sell,0.0,0.0,0.0,Mark 01->Mark 22,tight,0.0,0.0
438000,Mark 01,Mark 55,VELVETFRUIT_EXTRACT,XIRECS,5230.0,7,1,5233.0,5230,5236,6,5233.0,sell,3.5,2.5,18.5,Mark 01->Mark 55,med,-0.09839357429718876,2.5983935742971886
440300,Mark 38,Mark 14,HYDROGEL_PACK,XIRECS,9922.0,2,1,9914.0,9906,9922,16,9914.0,buy,2.0,5.0,26.0,Mark 38->Mark 14,wide,-0.36633663366336633,5.366336633663367
441300,Mark 14,Mark 38,HYDROGEL_PACK,XIRECS,9902.0,2,1,9910.0,9902,9918,16,9910.0,sell,3.0,7.0,33.0,Mark 14->Mark 38,wide,0.23279352226720648,6.767206477732794
443600,Mark 14,Mark 38,HYDROGEL_PACK,XIRECS,9908.0,2,1,9916.0,9908,9924,16,9916.0,sell,3.0,0.0,21.0,Mark 14->Mark 38,wide,0.23279352226720648,-0.23279352226720648
444000,Mark 14,Mark 38,VEV_4000,XIRECS,1230.0,3,1,1240.5,1230,1251,21,1240.5,sell,1.0,7.0,10.0,Mark 14->Mark 38,wide,-0.17532467532467533,7.175324675324675
444300,Mark 01,Mark 55,VELVETFRUIT_EXTRACT,XIRECS,5238.0,7,1,5240.5,5238,5243,5,5240.5,sell,1.0,8.0,9.0,Mark 01->Mark 55,med,-0.09839357429718876,8.098393574297189
445900,Mark 55,Mark 14,VELVETFRUIT_EXTRACT,XIRECS,5249.0,4,1,5246.5,5244,5249,5,5246.5,buy,2.0,7.0,0.0,Mark 55->Mark 14,med,0.5646153846153846,6.435384615384615
448100,Mark 55,Mark 01,VELVETFRUIT_EXTRACT,XIRECS,5254.0,3,1,5251.5,5249,5254,5,5251.5,buy,-1.5,-5.0,-7.5,Mark 55->Mark 01,med,0.006147540983606557,-5.006147540983607
448700,Mark 14,Mark 38,VEV_4000,XIRECS,1238.0,3,1,1248.5,1238,1259,21,1248.5,sell,-3.0,0.0,-3.0,Mark 14->Mark 38,wide,-0.17532467532467533,0.17532467532467533
450000,Mark 14,Mark 38,HYDROGEL_PACK,XIRECS,9932.0,5,1,9940.0,9932,9948,16,9940.0,sell,2.0,-4.0,-16.0,Mark 14->Mark 38,wide,0.23279352226720648,-4.232793522267206
453500,Mark 01,Mark 55,VELVETFRUIT_EXTRACT,XIRECS,5245.0,8,1,5248.0,5245,5251,6,5248.0,sell,3.5,-2.0,3.5,Mark 01->Mark 55,med,-0.09839357429718876,-1.9016064257028114
453600,Mark 55,Mark 01,VELVETFRUIT_EXTRACT,XIRECS,5252.0,4,1,5249.5,5247,5252,5,5249.5,buy,0.0,-2.5,3.0,Mark 55->Mark 01,med,0.006147540983606557,-2.5061475409836067
454800,Mark 01,Mark 55,VELVETFRUIT_EXTRACT,XIRECS,5245.0,3,1,5248.0,5245,5251,6,5248.0,sell,-1.5,-5.5,5.0,Mark 01->Mark 55,med,-0.09839357429718876,-5.401606425702811
455200,Mark 01,Mark 55,VELVETFRUIT_EXTRACT,XIRECS,5244.0,6,1,5247.0,5244,5250,6,5247.0,sell,0.5,-4.5,3.5,Mark 01->Mark 55,med,-0.09839357429718876,-4.401606425702811
455400,Mark 38,Mark 14,VEV_4000,XIRECS,1257.0,1,1,1246.5,1236,1257,21,1246.5,buy,0.0,-4.0,7.0,Mark 38->Mark 14,wide,0.17980295566502463,-4.179802955665025
455700,Mark 01,Mark 22,VEV_5400,XIRECS,15.0,4,1,15.5,15,16,1,15.5,sell,0.0,-1.0,1.5,Mark 01->Mark 22,tight,0.028846153846153848,-1.0288461538461537
455700,Mark 01,Mark 22,VEV_5500,XIRECS,6.0,4,1,6.5,6,7,1,6.5,sell,0.0,-0.5,0.5,Mark 01->Mark 22,tight,0.021885521885521887,-0.5218855218855218
455700,Mark 01,Mark 22,VEV_6000,XIRECS,0.0,4,1,0.5,0,1,1,0.5,sell,0.0,0.0,0.0,Mark 01->Mark 22,tight,0.0,0.0
455700,Mark 01,Mark 22,VEV_6500,XIRECS,0.0,4,1,0.5,0,1,1,0.5,sell,0.0,0.0,0.0,Mark 01->Mark 22,tight,0.0,0.0
457700,Mark 14,Mark 38,HYDROGEL_PACK,XIRECS,9914.0,4,1,9922.0,9914,9930,16,9922.0,sell,0.0,7.5,12.0,Mark 14->Mark 38,wide,0.23279352226720648,7.267206477732794
458400,Mark 55,Mark 14,VELVETFRUIT_EXTRACT,XIRECS,5248.0,3,1,5245.5,5243,5248,5,5245.5,buy,0.5,5.0,4.0,Mark 55->Mark 14,med,0.5646153846153846,4.435384615384615
459900,Mark 55,Mark 01,VELVETFRUIT_EXTRACT,XIRECS,5252.0,8,1,5249.5,5247,5252,5,5249.5,buy,1.0,6.0,2.0,Mark 55->Mark 01,med,0.006147540983606557,5.993852459016393
459900,Mark 14,Mark 38,VEV_4000,XIRECS,1239.0,2,1,1249.5,1239,1260,21,1249.5,sell,-4.5,6.0,2.0,Mark 14->Mark 38,wide,-0.17532467532467533,6.175324675324675
460400,Mark 01,Mark 22,VEV_5300,XIRECS,47.0,3,1,48.0,47,49,2,48.0,sell,1.0,2.0,1.5,Mark 01->Mark 22,tight,-0.15267175572519084,2.1526717557251906
460400,Mark 14,Mark 22,VEV_5400,XIRECS,16.0,3,1,16.5,16,17,1,16.5,sell,0.0,1.0,0.5,Mark 14->Mark 22,tight,-0.34615384615384615,1.3461538461538463
460400,Mark 01,Mark 22,VEV_5500,XIRECS,6.0,3,1,6.5,6,7,1,6.5,sell,0.0,1.0,0.5,Mark 01->Mark 22,tight,0.021885521885521887,0.9781144781144782
460400,Mark 01,Mark 22,VEV_6000,XIRECS,0.0,3,1,0.5,0,1,1,0.5,sell,0.0,0.0,0.0,Mark 01->Mark 22,tight,0.0,0.0
460400,Mark 01,Mark 22,VEV_6500,XIRECS,0.0,3,1,0.5,0,1,1,0.5,sell,0.0,0.0,0.0,Mark 01->Mark 22,tight,0.0,0.0
460700,Mark 55,Mark 14,VELVETFRUIT_EXTRACT,XIRECS,5254.0,6,1,5251.5,5249,5254,5,5251.5,buy,0.5,4.0,2.5,Mark 55->Mark 14,med,0.5646153846153846,3.4353846153846153
462300,Mark 55,Mark 01,VELVETFRUIT_EXTRACT,XIRECS,5259.0,8,1,5256.0,5253,5259,6,5256.0,buy,0.5,-3.0,-4.5,Mark 55->Mark 01,med,0.006147540983606557,-3.0061475409836067
462500,Mark 38,Mark 14,HYDROGEL_PACK,XIRECS,9932.0,2,1,9924.0,9916,9932,16,9924.0,buy,-2.0,-13.0,14.0,Mark 38->Mark 14,wide,-0.36633663366336633,-12.633663366336634
464200,Mark 14,Mark 38,VEV_4000,XIRECS,1241.0,1,1,1251.5,1241,1262,21,1251.5,sell,2.0,3.0,4.0,Mark 14->Mark 38,wide,-0.17532467532467533,3.175324675324675
