day;timestamp;product;bid_price_1;bid_volume_1;bid_price_2;bid_volume_2;bid_price_3;bid_volume_3;ask_price_1;ask_volume_1;ask_price_2;ask_volume_2;ask_price_3;ask_volume_3;mid_price;profit_and_loss
39;0;VEV_5500;6;20;;;;;7;20;;;;;6.5;0.0
39;100;VEV_5500;6;25;;;;;7;25;;;;;6.5;-0.29467201232910156
39;200;VEV_5500;6;19;;;;;7;19;;;;;6.5;-0.29390764236450195
39;300;VEV_5500;6;25;;;;;7;25;;;;;6.5;-0.2592806816101074
39;400;VEV_5500;6;26;;;;;7;26;;;;;6.5;-0.3955392837524414
39;500;VEV_5500;6;19;;;;;7;19;;;;;6.5;-0.5165128707885742
39;600;VEV_5500;6;29;;;;;7;24;;;;;6.5;-0.6287379264831543
39;700;VEV_5500;6;18;;;;;7;18;;;;;6.5;-0.5896158218383789
39;800;VEV_5500;6;20;;;;;7;20;;;;;6.5;-0.5792274475097656
39;900;VEV_5500;6;24;;;;;7;24;;;;;6.5;-0.5721306800842285
39;1000;VEV_5500;6;26;;;;;7;26;;;;;6.5;-0.5857596397399902
39;1100;VEV_5500;6;29;;;;;7;29;;;;;6.5;-0.5144839286804199
39;1200;VEV_5500;6;21;;;;;7;21;;;;;6.5;-0.6396956443786621
39;1300;VEV_5500;6;16;;;;;7;16;;;;;6.5;-0.6614975929260254
39;1400;VEV_5500;6;21;;;;;7;21;;;;;6.5;-0.48927783966064453
39;1500;VEV_5500;6;25;;;;;7;25;;;;;6.5;-0.44213056564331055
39;1600;VEV_5500;6;19;;;;;7;19;;;;;6.5;-0.43355560302734375
39;1700;VEV_5500;6;26;;;;;7;26;;;;;6.5;-0.3195462226867676
39;1800;VEV_5500;6;21;;;;;7;21;;;;;6.5;-0.35161447525024414
39;1900;VEV_5500;6;16;;;;;7;16;;;;;6.5;-0.2833065986633301
39;2000;VEV_5500;6;19;;;;;7;19;;;;;6.5;-0.12502288818359375
39;2100;VEV_5500;6;23;;;;;8;23;;;;;7.0;-0.02687692642211914
39;2200;VEV_5500;6;19;;;;;7;19;;;;;6.5;-0.1314678192138672
39;2300;VEV_5500;6;27;;;;;8;27;;;;;7.0;-0.06128406524658203
39;2400;VEV_5500;6;26;;;;;8;26;;;;;7.0;0.046918392181396484
39;2500;VEV_5500;7;21;;;;;8;21;;;;;7.5;0.22296857833862305
39;2600;VEV_5500;7;16;;;;;8;16;;;;;7.5;0.26827096939086914
39;2700;VEV_5500;7;19;;;;;8;19;;;;;7.5;0.21493196487426758
39;2800;VEV_5500;7;20;;;;;8;20;;;;;7.5;0.1583085060119629
39;2900;VEV_5500;6;26;;;;;8;26;;;;;7.0;-0.014530658721923828
39;3000;VEV_5500;6;21;;;;;8;21;;;;;7.0;0.07561874389648438
39;3100;VEV_5500;7;23;;;;;8;23;;;;;7.5;0.22386550903320312
39;3200;VEV_5500;7;18;;;;;8;18;;;;;7.5;0.29842042922973633
39;3300;VEV_5500;7;18;;;;;8;18;;;;;7.5;0.3578152656555176
39;3400;VEV_5500;7;25;;;;;8;25;;;;;7.5;0.44250011444091797
39;3500;VEV_5500;7;20;;;;;8;20;;;;;7.5;0.3221096992492676
39;3600;VEV_5500;7;23;;;;;8;23;;;;;7.5;0.3822951316833496
39;3700;VEV_5500;7;21;;;;;8;21;;;;;7.5;0.3138737678527832
39;3800;VEV_5500;7;21;;;;;8;21;;;;;7.5;0.3701305389404297
39;3900;VEV_5500;7;19;;;;;8;19;;;;;7.5;0.36658716201782227
39;4000;VEV_5500;7;26;;;;;8;26;;;;;7.5;0.2648587226867676
39;4100;VEV_5500;7;19;;;;;8;19;;;;;7.5;0.34456396102905273
39;4200;VEV_5500;7;26;;;;;8;26;;;;;7.5;0.420809268951416
39;4300;VEV_5500;7;27;;;;;8;27;;;;;7.5;0.42329883575439453
39;4400;VEV_5500;7;21;;;;;8;21;;;;;7.5;0.23244094848632812
39;4500;VEV_5500;7;18;;;;;8;18;;;;;7.5;0.2227621078491211
39;4600;VEV_5500;7;9;6;12;;;8;21;;;;;7.5;0.08759212493896484
39;4700;VEV_5500;7;6;6;19;;;8;25;;;;;7.5;0.10409307479858398
39;4800;VEV_5500;6;25;;;;;8;25;;;;;7.0;0.06120729446411133
39;4900;VEV_5500;7;20;;;;;8;20;;;;;7.5;0.2580089569091797
39;5000;VEV_5500;7;24;;;;;8;24;;;;;7.5;0.27509355545043945
39;5100;VEV_5500;7;19;;;;;8;19;;;;;7.5;0.2682976722717285
39;5200;VEV_5500;7;22;;;;;8;22;;;;;7.5;0.26038169860839844
39;5300;VEV_5500;7;20;;;;;8;20;;;;;7.5;0.30165958404541016
39;5400;VEV_5500;7;19;;;;;8;19;;;;;7.5;0.2567744255065918
39;5500;VEV_5500;7;28;;;;;8;28;;;;;7.5;0.5316672325134277
39;5600;VEV_5500;7;22;;;;;8;22;;;;;7.5;0.5494999885559082
39;5700;VEV_5500;7;26;;;;;8;26;;;;;7.5;0.5316400527954102
39;5800;VEV_5500;7;25;;;;;8;25;;;;;7.5;0.39275026321411133
39;5900;VEV_5500;7;23;;;;;8;23;;;;;7.5;0.4222836494445801
39;6000;VEV_5500;7;28;;;;;8;28;;;;;7.5;0.48329877853393555
39;6100;VEV_5500;7;21;;;;;8;21;;;;;7.5;0.4283604621887207
39;6200;VEV_5500;7;23;;;;;8;23;;;;;7.5;0.4776754379272461
39;6300;VEV_5500;7;24;;;;;8;24;;;;;7.5;0.4028611183166504
39;6400;VEV_5500;7;25;;;;;8;25;;;;;7.5;0.32288122177124023
39;6500;VEV_5500;7;22;;;;;8;22;;;;;7.5;0.2987709045410156
39;6600;VEV_5500;7;23;;;;;8;23;;;;;7.5;0.26831483840942383
39;6700;VEV_5500;7;22;;;;;8;22;;;;;7.5;0.22055292129516602
39;6800;VEV_5500;7;20;;;;;8;20;;;;;7.5;0.21598577499389648
39;6900;VEV_5500;7;19;;;;;8;19;;;;;7.5;0.28307580947875977
39;7000;VEV_5500;7;26;;;;;8;26;;;;;7.5;0.1494455337524414
39;7100;VEV_5500;6;24;;;;;8;24;;;;;7.0;0.01855945587158203
39;7200;VEV_5500;6;18;;;;;8;18;;;;;7.0;0.027568340301513672
39;7300;VEV_5500;6;23;;;;;8;23;;;;;7.0;0.05710029602050781
39;7400;VEV_5500;7;20;;;;;8;20;;;;;7.5;0.2029399871826172
39;7500;VEV_5500;7;19;;;;;8;19;;;;;7.5;0.32396888732910156
39;7600;VEV_5500;7;23;;;;;8;23;;;;;7.5;0.16112804412841797
39;7700;VEV_5500;7;19;;;;;8;19;;;;;7.5;0.2403569221496582
39;7800;VEV_5500;7;2;6;19;;;8;19;;;;;7.5;0.058485984802246094
39;7900;VEV_5500;7;18;;;;;8;18;;;;;7.5;0.1465740203857422
39;8000;VEV_5500;6;26;;;;;8;26;;;;;7.0;0.06974029541015625
39;8100;VEV_5500;6;17;;;;;8;17;;;;;7.0;0.0454707145690918
39;8200;VEV_5500;6;19;;;;;8;19;;;;;7.0;6.213188171386719E-4
39;8300;VEV_5500;6;20;;;;;8;20;;;;;7.0;-0.027963638305664062
39;8400;VEV_5500;7;23;;;;;8;23;;;;;7.5;0.12046957015991211
39;8500;VEV_5500;6;18;;;;;8;18;;;;;7.0;0.07092618942260742
39;8600;VEV_5500;6;22;;;;;8;22;;;;;7.0;0.08501291275024414
39;8700;VEV_5500;6;21;;;;;7;7;8;14;;;6.5;-0.10029792785644531
39;8800;VEV_5500;6;22;;;;;7;22;;;;;6.5;-0.1700754165649414
39;8900;VEV_5500;6;21;;;;;7;21;;;;;6.5;-0.1966562271118164
39;9000;VEV_5500;6;27;;;;;7;27;;;;;6.5;-0.23718595504760742
39;9100;VEV_5500;6;18;;;;;7;18;;;;;6.5;-0.2729625701904297
39;9200;VEV_5500;6;26;;;;;7;26;;;;;6.5;-0.32417726516723633
39;9300;VEV_5500;6;20;;;;;7;20;;;;;6.5;-0.3881187438964844
39;9400;VEV_5500;6;19;;;;;7;19;;;;;6.5;-0.49672889709472656
39;9500;VEV_5500;6;21;;;;;7;21;;;;;6.5;-0.5766363143920898
39;9600;VEV_5500;6;20;;;;;7;20;;;;;6.5;-0.6038374900817871
39;9700;VEV_5500;6;24;;;;;7;24;;;;;6.5;-0.6347255706787109
39;9800;VEV_5500;6;20;;;;;7;20;;;;;6.5;-0.6503138542175293
39;9900;VEV_5500;6;25;;;;;7;25;;;;;6.5;-0.6865849494934082
39;10000;VEV_5500;6;24;;;;;7;24;;;;;6.5;-0.6152448654174805
39;10100;VEV_5500;6;19;;;;;7;19;;;;;6.5;-0.6004719734191895
39;10200;VEV_5500;6;25;;;;;7;25;;;;;6.5;-0.6788811683654785
39;10300;VEV_5500;6;26;;;;;7;26;;;;;6.5;-0.7719335556030273
39;10400;VEV_5500;6;25;;;;;7;25;;;;;6.5;-0.6802501678466797
39;10500;VEV_5500;6;25;;;;;7;25;;;;;6.5;-0.7347798347473145
39;10600;VEV_5500;6;27;;;;;7;27;;;;;6.5;-0.7573404312133789
39;10700;VEV_5500;6;20;;;;;7;20;;;;;6.5;-0.6313843727111816
39;10800;VEV_5500;6;24;;;;;7;24;;;;;6.5;-0.7453899383544922
39;10900;VEV_5500;6;22;;;;;7;22;;;;;6.5;-0.7178115844726562
39;11000;VEV_5500;6;18;;;;;7;18;;;;;6.5;-0.6173691749572754
39;11100;VEV_5500;6;24;;;;;7;24;;;;;6.5;-0.5134925842285156
39;11200;VEV_5500;6;30;;;;;7;30;;;;;6.5;-0.4597659111022949
39;11300;VEV_5500;6;23;;;;;7;23;;;;;6.5;-0.4070878028869629
39;11400;VEV_5500;6;17;;;;;7;17;;;;;6.5;-0.25348520278930664
39;11500;VEV_5500;6;26;;;;;7;26;;;;;6.5;-0.23017644882202148
39;11600;VEV_5500;6;23;;;;;7;23;;;;;6.5;-0.3088998794555664
39;11700;VEV_5500;6;22;;;;;7;22;;;;;6.5;-0.27437686920166016
39;11800;VEV_5500;6;18;;;;;7;18;;;;;6.5;-0.3670363426208496
39;11900;VEV_5500;6;22;;;;;7;22;;;;;6.5;-0.2295217514038086
39;12000;VEV_5500;6;16;;;;;7;16;;;;;6.5;-0.1313004493713379
39;12100;VEV_5500;6;19;;;;;7;19;;;;;6.5;-0.11724853515625
39;12200;VEV_5500;6;19;;;;;7;19;;;;;6.5;-0.13210582733154297
39;12300;VEV_5500;6;16;;;;;7;16;;;;;6.5;-0.12818050384521484
39;12400;VEV_5500;6;30;;;;;7;30;;;;;6.5;-0.2561168670654297
39;12500;VEV_5500;6;23;;;;;7;23;;;;;6.5;-0.21819257736206055
39;12600;VEV_5500;6;15;;;;;7;15;;;;;6.5;-0.2495436668395996
39;12700;VEV_5500;6;22;;;;;7;22;;;;;6.5;-0.2726273536682129
39;12800;VEV_5500;6;28;;;;;7;28;;;;;6.5;-0.32848501205444336
39;12900;VEV_5500;6;28;;;;;7;28;;;;;6.5;-0.26883745193481445
39;13000;VEV_5500;6;25;;;;;7;25;;;;;6.5;-0.3373117446899414
39;13100;VEV_5500;6;16;;;;;7;19;;;;;6.5;-0.29802370071411133
39;13200;VEV_5500;6;23;;;;;7;23;;;;;6.5;-0.18527555465698242
39;13300;VEV_5500;6;29;;;;;7;29;;;;;6.5;-0.12903833389282227
39;13400;VEV_5500;6;25;;;;;7;25;;;;;6.5;-0.21174383163452148
39;13500;VEV_5500;6;25;;;;;7;25;;;;;6.5;-0.3843202590942383
39;13600;VEV_5500;6;20;;;;;7;20;;;;;6.5;-0.34328460693359375
39;13700;VEV_5500;6;28;;;;;7;28;;;;;6.5;-0.3811616897583008
39;13800;VEV_5500;6;21;;;;;7;21;;;;;6.5;-0.3244895935058594
39;13900;VEV_5500;6;26;;;;;7;26;;;;;6.5;-0.2502884864807129
39;14000;VEV_5500;6;22;;;;;7;22;;;;;6.5;-0.2918276786804199
39;14100;VEV_5500;6;23;;;;;7;23;;;;;6.5;-0.2703437805175781
39;14200;VEV_5500;6;24;;;;;7;24;;;;;6.5;-0.29421424865722656
39;14300;VEV_5500;6;18;;;;;7;18;;;;;6.5;-0.19736862182617188
39;14400;VEV_5500;6;23;;;;;7;23;;;;;6.5;-0.26848936080932617
39;14500;VEV_5500;6;24;;;;;7;24;;;;;6.5;-0.3524765968322754
39;14600;VEV_5500;6;19;;;;;7;19;;;;;6.5;-0.48715782165527344
39;14700;VEV_5500;6;22;;;;;7;22;;;;;6.5;-0.288360595703125
39;14800;VEV_5500;6;21;;;;;7;21;;;;;6.5;-0.2242569923400879
39;14900;VEV_5500;6;27;;;;;7;27;;;;;6.5;-0.26229143142700195
39;15000;VEV_5500;6;26;;;;;7;26;;;;;6.5;-0.2630748748779297
39;15100;VEV_5500;6;26;;;;;7;26;;;;;6.5;-0.11052274703979492
39;15200;VEV_5500;6;20;;;;;8;20;;;;;7.0;-0.06663703918457031
39;15300;VEV_5500;6;22;;;;;8;22;;;;;7.0;-0.029254436492919922
39;15400;VEV_5500;6;29;;;;;7;10;8;19;;;6.5;-0.095458984375
39;15500;VEV_5500;6;23;;;;;7;23;;;;;6.5;-0.1075143814086914
39;15600;VEV_5500;7;6;6;18;;;8;24;;;;;7.5;0.08821249008178711
39;15700;VEV_5500;6;15;;;;;8;15;;;;;7.0;0.053046226501464844
39;15800;VEV_5500;6;26;;;;;8;26;;;;;7.0;0.04066801071166992
39;15900;VEV_5500;7;17;;;;;8;17;;;;;7.5;0.13367605209350586
39;16000;VEV_5500;7;22;;;;;8;22;;;;;7.5;0.1459951400756836
39;16100;VEV_5500;7;19;;;;;8;19;;;;;7.5;0.20749425888061523
39;16200;VEV_5500;7;16;;;;;8;16;;;;;7.5;0.17370176315307617
39;16300;VEV_5500;7;27;;;;;8;27;;;;;7.5;0.27060556411743164
39;16400;VEV_5500;7;26;;;;;8;26;;;;;7.5;0.35804080963134766
39;16500;VEV_5500;7;25;;;;;8;25;;;;;7.5;0.2730565071105957
39;16600;VEV_5500;7;18;;;;;8;18;;;;;7.5;0.3606739044189453
39;16700;VEV_5500;7;18;;;;;8;18;;;;;7.5;0.3534884452819824
39;16800;VEV_5500;7;20;;;;;8;20;;;;;7.5;0.3462557792663574
39;16900;VEV_5500;7;27;;;;;8;27;;;;;7.5;0.3795018196105957
39;17000;VEV_5500;7;19;;;;;8;19;;;;;7.5;0.39808082580566406
39;17100;VEV_5500;7;25;;;;;8;25;;;;;7.5;0.37770605087280273
39;17200;VEV_5500;7;28;;;;;8;28;;;;;7.5;0.4977717399597168
39;17300;VEV_5500;7;19;;;;;8;19;;;;;7.5;0.5661087036132812
39;17400;VEV_5500;7;20;;;;;8;20;;;;;7.5;0.6639270782470703
39;17500;VEV_5500;7;24;;;;;8;24;;;;;7.5;0.6495466232299805
39;17600;VEV_5500;7;23;;;;;8;23;;;;;7.5;0.563023567199707
39;17700;VEV_5500;7;24;;;;;8;24;;;;;7.5;0.4153461456298828
39;17800;VEV_5500;7;23;;;;;8;23;;;;;7.5;0.39059972763061523
39;17900;VEV_5500;7;25;;;;;8;25;;;;;7.5;0.4146566390991211
39;18000;VEV_5500;7;16;;;;;8;16;;;;;7.5;0.5893101692199707
39;18100;VEV_5500;7;25;;;;;8;25;;;;;7.5;0.5413103103637695
39;18200;VEV_5500;7;21;;;;;8;21;;;;;7.5;0.5500664710998535
39;18300;VEV_5500;7;27;;;;;8;27;;;;;7.5;0.5429940223693848
39;18400;VEV_5500;7;28;;;;;8;28;;;;;7.5;0.39106321334838867
39;18500;VEV_5500;7;21;;;;;8;21;;;;;7.5;0.4210953712463379
39;18600;VEV_5500;7;23;;;;;8;23;;;;;7.5;0.20223045349121094
39;18700;VEV_5500;7;18;;;;;8;18;;;;;7.5;0.20929861068725586
39;18800;VEV_5500;7;24;;;;;8;24;;;;;7.5;0.1187753677368164
39;18900;VEV_5500;7;27;;;;;8;27;;;;;7.5;0.16326904296875
39;19000;VEV_5500;6;27;;;;;8;27;;;;;7.0;0.049343109130859375
39;19100;VEV_5500;6;27;;;;;8;25;;;;;7.0;-0.022952556610107422
39;19200;VEV_5500;6;26;;;;;8;26;;;;;7.0;0.014704704284667969
39;19300;VEV_5500;6;30;;;;;8;30;;;;;7.0;0.04782295227050781
39;19400;VEV_5500;6;27;;;;;8;27;;;;;7.0;-0.020862102508544922
39;19500;VEV_5500;6;24;;;;;8;24;;;;;7.0;-0.05174446105957031
39;19600;VEV_5500;6;24;;;;;8;24;;;;;7.0;-0.03686714172363281
39;19700;VEV_5500;6;26;;;;;7;26;;;;;6.5;-0.18271827697753906
39;19800;VEV_5500;6;21;;;;;7;21;;;;;6.5;-0.23382043838500977
39;19900;VEV_5500;6;23;;;;;8;23;;;;;7.0;-0.040511131286621094
39;20000;VEV_5500;6;22;;;;;8;22;;;;;7.0;0.03528547286987305
39;20100;VEV_5500;6;20;;;;;8;20;;;;;7.0;-0.0802450180053711
39;20200;VEV_5500;6;16;;;;;8;16;;;;;7.0;-0.020914554595947266
39;20300;VEV_5500;6;23;;;;;8;23;;;;;7.0;-0.08183145523071289
39;20400;VEV_5500;6;28;;;;;8;28;;;;;7.0;-0.004444122314453125
39;20500;VEV_5500;6;28;;;;;8;28;;;;;7.0;-0.06893539428710938
39;20600;VEV_5500;6;25;;;;;7;25;;;;;6.5;-0.14678001403808594
39;20700;VEV_5500;6;18;;;;;8;18;;;;;7.0;-0.08075809478759766
39;20800;VEV_5500;6;25;;;;;8;25;;;;;7.0;0.02700185775756836
39;20900;VEV_5500;7;23;;;;;8;28;;;;;7.5;0.11884737014770508
39;21000;VEV_5500;7;22;;;;;8;22;;;;;7.5;0.13569259643554688
39;21100;VEV_5500;6;25;;;;;8;25;;;;;7.0;-0.013760089874267578
39;21200;VEV_5500;6;28;;;;;8;28;;;;;7.0;0.025197505950927734
39;21300;VEV_5500;7;25;;;;;8;25;;;;;7.5;0.157379150390625
39;21400;VEV_5500;7;29;;;;;8;29;;;;;7.5;0.17576885223388672
39;21500;VEV_5500;7;29;;;;;8;29;;;;;7.5;0.2047286033630371
39;21600;VEV_5500;7;24;;;;;8;24;;;;;7.5;0.242523193359375
39;21700;VEV_5500;7;27;;;;;8;27;;;;;7.5;0.24131441116333008
39;21800;VEV_5500;7;23;;;;;8;23;;;;;7.5;0.3306093215942383
39;21900;VEV_5500;7;23;;;;;8;23;;;;;7.5;0.31616687774658203
39;22000;VEV_5500;7;19;;;;;8;19;;;;;7.5;0.22193622589111328
39;22100;VEV_5500;7;24;;;;;8;24;;;;;7.5;0.15460872650146484
39;22200;VEV_5500;7;5;6;11;;;8;16;;;;;7.5;0.10319280624389648
39;22300;VEV_5500;6;19;;;;;8;19;;;;;7.0;0.08125782012939453
39;22400;VEV_5500;6;19;;;;;8;19;;;;;7.0;0.04556560516357422
39;22500;VEV_5500;6;19;;;;;8;19;;;;;7.0;0.034361839294433594
39;22600;VEV_5500;6;23;;;;;8;23;;;;;7.0;0.019460678100585938
39;22700;VEV_5500;6;25;;;;;8;25;;;;;7.0;-0.05847978591918945
39;22800;VEV_5500;6;24;;;;;7;24;;;;;6.5;-0.10431194305419922
39;22900;VEV_5500;6;20;;;;;7;6;8;14;;;6.5;-0.09855842590332031
39;23000;VEV_5500;6;26;;;;;7;26;;;;;6.5;-0.18484115600585938
39;23100;VEV_5500;6;24;;;;;7;24;;;;;6.5;-0.18709897994995117
39;23200;VEV_5500;6;26;;;;;7;26;;;;;6.5;-0.24526357650756836
39;23300;VEV_5500;6;22;;;;;7;22;;;;;6.5;-0.38820314407348633
39;23400;VEV_5500;6;20;;;;;7;20;;;;;6.5;-0.5022983551025391
39;23500;VEV_5500;6;21;;;;;7;23;;;;;6.5;-0.44576597213745117
39;23600;VEV_5500;6;27;;;;;7;27;;;;;6.5;-0.5445771217346191
39;23700;VEV_5500;6;18;;;;;7;18;;;;;6.5;-0.4292263984680176
39;23800;VEV_5500;6;23;;;;;7;23;;;;;6.5;-0.44141244888305664
39;23900;VEV_5500;6;21;;;;;7;21;;;;;6.5;-0.3259091377258301
39;24000;VEV_5500;6;24;;;;;7;24;;;;;6.5;-0.323636531829834
39;24100;VEV_5500;6;27;;;;;7;27;;;;;6.5;-0.35654115676879883
39;24200;VEV_5500;6;20;;;;;7;20;;;;;6.5;-0.3153500556945801
39;24300;VEV_5500;6;19;;;;;7;19;;;;;6.5;-0.3467841148376465
39;24400;VEV_5500;6;23;;;;;7;23;;;;;6.5;-0.24712371826171875
39;24500;VEV_5500;6;30;;;;;7;30;;;;;6.5;-0.23407840728759766
39;24600;VEV_5500;6;25;;;;;7;21;;;;;6.5;-0.3359642028808594
39;24700;VEV_5500;6;25;;;;;7;25;;;;;6.5;-0.26183557510375977
39;24800;VEV_5500;6;22;;;;;7;22;;;;;6.5;-0.25538110733032227
39;24900;VEV_5500;6;27;;;;;7;27;;;;;6.5;-0.2746925354003906
39;25000;VEV_5500;6;22;;;;;7;22;;;;;6.5;-0.31195735931396484
39;25100;VEV_5500;6;18;;;;;7;18;;;;;6.5;-0.24913263320922852
39;25200;VEV_5500;6;23;;;;;7;23;;;;;6.5;-0.17269468307495117
39;25300;VEV_5500;6;21;;;;;7;21;;;;;6.5;-0.29239940643310547
39;25400;VEV_5500;6;27;;;;;7;27;;;;;6.5;-0.2156691551208496
39;25500;VEV_5500;6;22;;;;;7;22;;;;;6.5;-0.22632312774658203
39;25600;VEV_5500;6;16;;;;;7;16;;;;;6.5;-0.1891155242919922
39;25700;VEV_5500;6;28;;;;;7;28;;;;;6.5;-0.23740053176879883
39;25800;VEV_5500;6;18;;;;;7;18;;;;;6.5;-0.26584625244140625
39;25900;VEV_5500;6;21;;;;;7;21;;;;;6.5;-0.19560861587524414
39;26000;VEV_5500;6;22;;;;;7;6;8;16;;;6.5;-0.09708452224731445
39;26100;VEV_5500;6;26;;;;;7;26;;;;;6.5;-0.14282464981079102
39;26200;VEV_5500;6;22;;;;;7;22;;;;;6.5;-0.2909064292907715
39;26300;VEV_5500;6;15;;;;;7;15;;;;;6.5;-0.29228925704956055
39;26400;VEV_5500;6;24;;;;;7;24;;;;;6.5;-0.23766136169433594
39;26500;VEV_5500;6;30;;;;;7;30;;;;;6.5;-0.23973512649536133
39;26600;VEV_5500;6;26;;;;;7;26;;;;;6.5;-0.24842071533203125
39;26700;VEV_5500;6;23;;;;;7;23;;;;;6.5;-0.16907978057861328
39;26800;VEV_5500;6;24;;;;;7;24;;;;;6.5;-0.16752099990844727
39;26900;VEV_5500;6;20;;;;;7;8;8;12;;;6.5;-0.09976863861083984
39;27000;VEV_5500;6;21;;;;;7;21;;;;;6.5;-0.24013566970825195
39;27100;VEV_5500;6;28;;;;;7;28;;;;;6.5;-0.2640657424926758
39;27200;VEV_5500;6;24;;;;;7;24;;;;;6.5;-0.36507415771484375
39;27300;VEV_5500;6;27;;;;;7;27;;;;;6.5;-0.31240320205688477
39;27400;VEV_5500;6;18;;;;;7;18;;;;;6.5;-0.4322991371154785
39;27500;VEV_5500;6;20;;;;;7;20;;;;;6.5;-0.3632955551147461
39;27600;VEV_5500;6;22;;;;;7;22;;;;;6.5;-0.2971534729003906
39;27700;VEV_5500;6;25;;;;;7;25;;;;;6.5;-0.300570011138916
39;27800;VEV_5500;6;29;;;;;7;29;;;;;6.5;-0.41082048416137695
39;27900;VEV_5500;6;28;;;;;7;28;;;;;6.5;-0.47699546813964844
39;28000;VEV_5500;6;28;;;;;7;28;;;;;6.5;-0.5833601951599121
39;28100;VEV_5500;6;20;;;;;7;20;;;;;6.5;-0.3279132843017578
39;28200;VEV_5500;6;22;;;;;7;22;;;;;6.5;-0.22790908813476562
39;28300;VEV_5500;6;21;;;;;7;21;;;;;6.5;-0.23991775512695312
39;28400;VEV_5500;6;19;;;;;7;19;;;;;6.5;-0.23350858688354492
39;28500;VEV_5500;6;20;;;;;7;20;;;;;6.5;-0.24224185943603516
39;28600;VEV_5500;6;24;;;;;7;24;;;;;6.5;-0.21305036544799805
39;28700;VEV_5500;6;22;;;;;7;22;;;;;6.5;-0.2266840934753418
39;28800;VEV_5500;6;28;;;;;7;28;;;;;6.5;-0.3038792610168457
39;28900;VEV_5500;6;22;;;;;7;22;;;;;6.5;-0.30886363983154297
39;29000;VEV_5500;6;22;;;;;7;22;;;;;6.5;-0.34975099563598633
39;29100;VEV_5500;6;19;;;;;7;19;;;;;6.5;-0.28786754608154297
39;29200;VEV_5500;6;25;;;;;7;25;;;;;6.5;-0.2389240264892578
39;29300;VEV_5500;6;22;;;;;7;22;;;;;6.5;-0.290924072265625
39;29400;VEV_5500;6;20;;;;;7;20;;;;;6.5;-0.25939464569091797
39;29500;VEV_5500;6;15;;;;;7;17;;;;;6.5;-0.26318931579589844
39;29600;VEV_5500;6;25;;;;;7;25;;;;;6.5;-0.3900771141052246
39;29700;VEV_5500;6;23;;;;;7;23;;;;;6.5;-0.3949089050292969
39;29800;VEV_5500;6;20;;;;;7;20;;;;;6.5;-0.39249515533447266
39;29900;VEV_5500;6;26;;;;;7;26;;;;;6.5;-0.35761451721191406
39;30000;VEV_5500;6;19;;;;;7;19;;;;;6.5;-0.45497655868530273
39;30100;VEV_5500;6;23;;;;;7;23;;;;;6.5;-0.443880558013916
39;30200;VEV_5500;6;26;;;;;7;26;;;;;6.5;-0.5175771713256836
39;30300;VEV_5500;6;20;;;;;7;16;;;;;6.5;-0.5990347862243652
39;30400;VEV_5500;6;20;;;;;7;20;;;;;6.5;-0.6389150619506836
39;30500;VEV_5500;6;20;;;;;7;20;;;;;6.5;-0.5685768127441406
39;30600;VEV_5500;6;26;;;;;7;26;;;;;6.5;-0.6909708976745605
39;30700;VEV_5500;6;18;;;;;7;18;;;;;6.5;-0.7610349655151367
39;30800;VEV_5500;6;20;;;;;7;20;;;;;6.5;-0.8732337951660156
39;30900;VEV_5500;6;17;;;;;7;17;;;;;6.5;-0.7739934921264648
39;31000;VEV_5500;5;21;;;;;7;21;;;;;6.0;-0.9285507202148438
39;31100;VEV_5500;6;22;;;;;7;22;;;;;6.5;-0.8978066444396973
39;31200;VEV_5500;5;20;;;;;7;20;;;;;6.0;-0.9363093376159668
39;31300;VEV_5500;6;21;;;;;7;21;;;;;6.5;-0.7674736976623535
39;31400;VEV_5500;6;22;;;;;7;22;;;;;6.5;-0.7327089309692383
39;31500;VEV_5500;6;18;;;;;7;18;;;;;6.5;-0.7174849510192871
39;31600;VEV_5500;6;16;;;;;7;16;;;;;6.5;-0.6954207420349121
39;31700;VEV_5500;6;27;;;;;7;27;;;;;6.5;-0.6017513275146484
39;31800;VEV_5500;6;23;;;;;7;23;;;;;6.5;-0.6045923233032227
39;31900;VEV_5500;6;29;;;;;7;29;;;;;6.5;-0.5127949714660645
39;32000;VEV_5500;6;26;;;;;7;26;;;;;6.5;-0.4505324363708496
39;32100;VEV_5500;6;23;;;;;7;23;;;;;6.5;-0.3974905014038086
39;32200;VEV_5500;6;25;;;;;7;25;;;;;6.5;-0.38611793518066406
39;32300;VEV_5500;6;24;;;;;7;24;;;;;6.5;-0.2917475700378418
39;32400;VEV_5500;6;22;;;;;7;22;;;;;6.5;-0.30203723907470703
39;32500;VEV_5500;6;16;;;;;7;16;;;;;6.5;-0.2639026641845703
39;32600;VEV_5500;6;25;;;;;7;25;;;;;6.5;-0.2697763442993164
39;32700;VEV_5500;6;24;;;;;7;24;;;;;6.5;-0.2875194549560547
39;32800;VEV_5500;6;27;;;;;7;27;;;;;6.5;-0.2406001091003418
39;32900;VEV_5500;6;20;;;;;7;20;;;;;6.5;-0.2690119743347168
39;33000;VEV_5500;6;21;;;;;7;21;;;;;6.5;-0.10372257232666016
39;33100;VEV_5500;6;19;;;;;8;19;;;;;7.0;-0.04432487487792969
39;33200;VEV_5500;6;18;;;;;7;18;;;;;6.5;-0.1943197250366211
39;33300;VEV_5500;6;20;;;;;7;20;;;;;6.5;-0.1180729866027832
39;33400;VEV_5500;6;21;;;;;8;21;;;;;7.0;-0.0443415641784668
39;33500;VEV_5500;6;24;;;;;7;7;8;17;;;6.5;-0.09713363647460938
39;33600;VEV_5500;6;29;;;;;7;29;;;;;6.5;-0.10828161239624023
39;33700;VEV_5500;6;24;;;;;7;7;8;17;;;6.5;-0.09927129745483398
39;33800;VEV_5500;6;18;;;;;8;18;;;;;7.0;-0.06081533432006836
39;33900;VEV_5500;6;26;;;;;8;26;;;;;7.0;0.0395355224609375
39;34000;VEV_5500;6;24;;;;;8;24;;;;;7.0;0.03959846496582031
39;34100;VEV_5500;7;24;;;;;8;24;;;;;7.5;0.1868896484375
39;34200;VEV_5500;7;26;;;;;8;26;;;;;7.5;0.27877378463745117
39;34300;VEV_5500;7;19;;;;;8;19;;;;;7.5;0.2555389404296875
39;34400;VEV_5500;7;21;;;;;8;21;;;;;7.5;0.1939234733581543
39;34500;VEV_5500;7;26;;;;;8;26;;;;;7.5;0.13041448593139648
39;34600;VEV_5500;6;24;;;;;8;24;;;;;7.0;0.05205059051513672
39;34700;VEV_5500;6;27;;;;;8;27;;;;;7.0;0.017047882080078125
39;34800;VEV_5500;6;15;;;;;7;15;;;;;6.5;-0.11415386199951172
39;34900;VEV_5500;6;21;;;;;7;21;;;;;6.5;-0.13801908493041992
39;35000;VEV_5500;6;20;;;;;7;20;;;;;6.5;-0.3134908676147461
39;35100;VEV_5500;6;21;;;;;7;21;;;;;6.5;-0.24027347564697266
39;35200;VEV_5500;6;20;;;;;7;18;;;;;6.5;-0.283689022064209
39;35300;VEV_5500;6;30;;;;;7;30;;;;;6.5;-0.20632362365722656
39;35400;VEV_5500;6;18;;;;;8;18;;;;;7.0;-0.08088397979736328
39;35500;VEV_5500;6;18;;;;;7;5;8;13;;;6.5;-0.10135030746459961
39;35600;VEV_5500;6;22;;;;;8;22;;;;;7.0;-0.0819544792175293
39;35700;VEV_5500;6;26;;;;;7;26;;;;;6.5;-0.19764471054077148
39;35800;VEV_5500;6;27;;;;;7;27;;;;;6.5;-0.3029351234436035
39;35900;VEV_5500;6;20;;;;;7;20;;;;;6.5;-0.2567458152770996
39;36000;VEV_5500;6;22;;;;;7;22;;;;;6.5;-0.2502007484436035
39;36100;VEV_5500;6;23;;;;;7;23;;;;;6.5;-0.17211246490478516
39;36200;VEV_5500;6;22;;;;;7;22;;;;;6.5;-0.17966079711914062
39;36300;VEV_5500;6;16;;;;;7;16;;;;;6.5;-0.32189035415649414
39;36400;VEV_5500;6;19;;;;;7;19;;;;;6.5;-0.17352056503295898
39;36500;VEV_5500;6;30;;;;;7;30;;;;;6.5;-0.1688985824584961
39;36600;VEV_5500;6;24;;;;;7;24;;;;;6.5;-0.13042926788330078
39;36700;VEV_5500;6;21;;;;;7;21;;;;;6.5;-0.23071956634521484
39;36800;VEV_5500;6;21;;;;;7;21;;;;;6.5;-0.4185066223144531
39;36900;VEV_5500;6;25;;;;;7;25;;;;;6.5;-0.4152717590332031
39;37000;VEV_5500;6;28;;;;;7;28;;;;;6.5;-0.4883909225463867
39;37100;VEV_5500;6;23;;;;;7;23;;;;;6.5;-0.3114185333251953
39;37200;VEV_5500;6;20;;;;;7;20;;;;;6.5;-0.11825037002563477
39;37300;VEV_5500;6;23;;;;;7;23;;;;;6.5;-0.27115297317504883
39;37400;VEV_5500;6;22;;;;;7;22;;;;;6.5;-0.37123632431030273
39;37500;VEV_5500;6;22;;;;;7;22;;;;;6.5;-0.3324556350708008
39;37600;VEV_5500;6;26;;;;;7;26;;;;;6.5;-0.41538000106811523
39;37700;VEV_5500;6;23;;;;;7;23;;;;;6.5;-0.2074594497680664
39;37800;VEV_5500;6;24;;;;;7;24;;;;;6.5;-0.2860851287841797
39;37900;VEV_5500;6;28;;;;;7;28;;;;;6.5;-0.30869579315185547
39;38000;VEV_5500;6;19;;;;;7;19;;;;;6.5;-0.2769746780395508
39;38100;VEV_5500;6;26;;;;;7;26;;;;;6.5;-0.2828221321105957
39;38200;VEV_5500;6;26;;;;;7;26;;;;;6.5;-0.29392290115356445
39;38300;VEV_5500;6;25;;;;;7;25;;;;;6.5;-0.2307591438293457
39;38400;VEV_5500;6;23;;;;;7;23;;;;;6.5;-0.25027894973754883
39;38500;VEV_5500;6;25;;;;;7;25;;;;;6.5;-0.24918603897094727
39;38600;VEV_5500;6;22;;;;;7;22;;;;;6.5;-0.2643728256225586
39;38700;VEV_5500;6;22;;;;;7;22;;;;;6.5;-0.20878362655639648
39;38800;VEV_5500;6;27;;;;;7;27;;;;;6.5;-0.24904823303222656
39;38900;VEV_5500;6;23;;;;;7;23;;;;;6.5;-0.2465219497680664
39;39000;VEV_5500;6;20;;;;;7;20;;;;;6.5;-0.27161216735839844
39;39100;VEV_5500;6;16;;;;;7;16;;;;;6.5;-0.2718968391418457
39;39200;VEV_5500;6;21;;;;;7;21;;;;;6.5;-0.41643714904785156
39;39300;VEV_5500;6;28;;;;;7;25;;;;;6.5;-0.5293765068054199
39;39400;VEV_5500;6;22;;;;;7;22;;;;;6.5;-0.4576554298400879
39;39500;VEV_5500;6;19;;;;;7;19;;;;;6.5;-0.5265297889709473
39;39600;VEV_5500;6;21;;;;;7;21;;;;;6.5;-0.5481443405151367
39;39700;VEV_5500;6;20;;;;;7;20;;;;;6.5;-0.7367663383483887
39;39800;VEV_5500;6;26;;;;;7;21;;;;;6.5;-0.813148021697998
39;39900;VEV_5500;6;21;;;;;7;21;;;;;6.5;-0.8575253486633301
39;40000;VEV_5500;6;22;;;;;7;22;;;;;6.5;-0.77752685546875
39;40100;VEV_5500;6;24;;;;;7;24;;;;;6.5;-0.8567838668823242
39;40200;VEV_5500;6;9;5;12;;;7;21;;;;;6.5;-0.9226775169372559
39;40300;VEV_5500;5;17;;;;;7;17;;;;;6.0;-0.9426460266113281
39;40400;VEV_5500;5;26;;;;;7;26;;;;;6.0;-1.007577896118164
39;40500;VEV_5500;5;18;;;;;7;18;;;;;6.0;-1.0610556602478027
39;40600;VEV_5500;5;28;;;;;6;28;;;;;5.5;-1.1394901275634766
39;40700;VEV_5500;5;23;;;;;6;23;;;;;5.5;-1.3001518249511719
39;40800;VEV_5500;5;20;;;;;6;20;;;;;5.5;-1.3032231330871582
39;40900;VEV_5500;5;19;;;;;6;19;;;;;5.5;-1.4274144172668457
39;41000;VEV_5500;5;18;;;;;6;18;;;;;5.5;-1.3558235168457031
39;41100;VEV_5500;5;22;;;;;6;22;;;;;5.5;-1.3944625854492188
39;41200;VEV_5500;5;20;;;;;6;20;;;;;5.5;-1.4803295135498047
39;41300;VEV_5500;5;27;;;;;6;27;;;;;5.5;-1.426464557647705
39;41400;VEV_5500;5;21;;;;;6;21;;;;;5.5;-1.4343724250793457
39;41500;VEV_5500;5;27;;;;;6;27;;;;;5.5;-1.5495686531066895
39;41600;VEV_5500;5;20;;;;;6;20;;;;;5.5;-1.58482027053833
39;41700;VEV_5500;5;27;;;;;6;27;;;;;5.5;-1.5639395713806152
39;41800;VEV_5500;5;29;;;;;6;29;;;;;5.5;-1.5107550621032715
39;41900;VEV_5500;5;13;;;;;6;15;;;;;5.5;-1.6312408447265625
39;42000;VEV_5500;5;22;;;;;6;22;;;;;5.5;-1.6754202842712402
39;42100;VEV_5500;5;22;;;;;6;22;;;;;5.5;-1.5506839752197266
39;42200;VEV_5500;5;20;;;;;6;20;;;;;5.5;-1.4370126724243164
39;42300;VEV_5500;5;22;;;;;6;22;;;;;5.5;-1.3191509246826172
39;42400;VEV_5500;5;26;;;;;6;26;;;;;5.5;-1.362673282623291
39;42500;VEV_5500;5;22;;;;;6;22;;;;;5.5;-1.3517861366271973
39;42600;VEV_5500;5;23;;;;;6;23;;;;;5.5;-1.3198580741882324
39;42700;VEV_5500;5;22;;;;;6;22;;;;;5.5;-1.4117345809936523
39;42800;VEV_5500;5;17;;;;;6;17;;;;;5.5;-1.408243179321289
39;42900;VEV_5500;5;21;;;;;6;25;;;;;5.5;-1.372711181640625
39;43000;VEV_5500;5;25;;;;;6;25;;;;;5.5;-1.4143366813659668
39;43100;VEV_5500;5;19;;;;;6;19;;;;;5.5;-1.4112787246704102
39;43200;VEV_5500;5;24;;;;;6;24;;;;;5.5;-1.4159812927246094
39;43300;VEV_5500;5;19;;;;;6;19;;;;;5.5;-1.4410605430603027
39;43400;VEV_5500;5;17;;;;;6;17;;;;;5.5;-1.3595952987670898
39;43500;VEV_5500;5;24;;;;;6;24;;;;;5.5;-1.5004568099975586
39;43600;VEV_5500;5;25;;;;;6;25;;;;;5.5;-1.4668569564819336
39;43700;VEV_5500;5;20;;;;;6;20;;;;;5.5;-1.5339550971984863
39;43800;VEV_5500;5;19;;;;;6;19;;;;;5.5;-1.6353297233581543
39;43900;VEV_5500;5;21;;;;;6;21;;;;;5.5;-1.5852022171020508
39;44000;VEV_5500;5;17;;;;;6;17;;;;;5.5;-1.5438590049743652
39;44100;VEV_5500;5;30;;;;;6;30;;;;;5.5;-1.438645362854004
39;44200;VEV_5500;5;18;;;;;6;18;;;;;5.5;-1.365309238433838
39;44300;VEV_5500;5;22;;;;;6;22;;;;;5.5;-1.3512253761291504
39;44400;VEV_5500;5;24;;;;;6;24;;;;;5.5;-1.295891284942627
39;44500;VEV_5500;5;20;;;;;6;20;;;;;5.5;-1.2260518074035645
39;44600;VEV_5500;5;20;;;;;6;20;;;;;5.5;-1.1404237747192383
39;44700;VEV_5500;5;21;;;;;6;7;7;14;;;5.5;-1.077641487121582
39;44800;VEV_5500;5;24;;;;;7;24;;;;;6.0;-1.0421571731567383
39;44900;VEV_5500;5;22;;;;;7;22;;;;;6.0;-1.0400381088256836
39;45000;VEV_5500;5;21;;;;;7;21;;;;;6.0;-1.0159430503845215
39;45100;VEV_5500;5;16;;;;;7;21;;;;;6.0;-1.0511622428894043
39;45200;VEV_5500;5;17;;;;;6;17;;;;;5.5;-1.1210665702819824
39;45300;VEV_5500;5;30;;;;;6;30;;;;;5.5;-1.245706558227539
39;45400;VEV_5500;5;21;;;;;6;21;;;;;5.5;-1.2979435920715332
39;45500;VEV_5500;5;29;;;;;6;29;;;;;5.5;-1.1964359283447266
39;45600;VEV_5500;5;28;;;;;6;28;;;;;5.5;-1.1976428031921387
39;45700;VEV_5500;5;22;;;;;6;22;;;;;5.5;-1.2263031005859375
39;45800;VEV_5500;5;19;;;;;6;19;;;;;5.5;-1.2606606483459473
39;45900;VEV_5500;5;29;;;;;6;29;;;;;5.5;-1.2374567985534668
39;46000;VEV_5500;5;17;;;;;6;17;;;;;5.5;-1.2595324516296387
39;46100;VEV_5500;5;16;;;;;6;16;;;;;5.5;-1.298255443572998
39;46200;VEV_5500;5;19;;;;;6;19;;;;;5.5;-1.2177214622497559
39;46300;VEV_5500;5;18;;;;;6;18;;;;;5.5;-1.1351981163024902
39;46400;VEV_5500;5;19;;;;;6;7;7;12;;;5.5;-1.0748100280761719
39;46500;VEV_5500;5;24;;;;;6;24;;;;;5.5;-1.115168571472168
39;46600;VEV_5500;5;25;;;;;7;25;;;;;6.0;-1.064927101135254
39;46700;VEV_5500;5;21;;;;;7;21;;;;;6.0;-1.0439667701721191
39;46800;VEV_5500;5;25;;;;;7;25;;;;;6.0;-1.0385680198669434
39;46900;VEV_5500;5;21;;;;;7;21;;;;;6.0;-1.0124235153198242
39;47000;VEV_5500;5;24;;;;;7;24;;;;;6.0;-0.9710984230041504
39;47100;VEV_5500;5;19;;;;;7;19;;;;;6.0;-0.9351959228515625
39;47200;VEV_5500;6;9;5;13;;;7;22;;;;;6.5;-0.9122810363769531
39;47300;VEV_5500;5;22;;;;;7;22;;;;;6.0;-1.0272216796875
39;47400;VEV_5500;5;23;;;;;7;23;;;;;6.0;-0.9550843238830566
39;47500;VEV_5500;6;20;;;;;7;20;;;;;6.5;-0.8797545433044434
39;47600;VEV_5500;6;21;;;;;7;21;;;;;6.5;-0.8786301612854004
39;47700;VEV_5500;5;24;;;;;7;24;;;;;6.0;-0.9455709457397461
39;47800;VEV_5500;5;21;;;;;7;21;;;;;6.0;-0.9969573020935059
39;47900;VEV_5500;5;22;;;;;7;22;;;;;6.0;-0.9754185676574707
39;48000;VEV_5500;6;25;;;;;7;25;;;;;6.5;-0.9069304466247559
39;48100;VEV_5500;5;20;;;;;7;20;;;;;6.0;-0.9963269233703613
39;48200;VEV_5500;6;26;;;;;7;26;;;;;6.5;-0.8928236961364746
39;48300;VEV_5500;5;15;;;;;7;15;;;;;6.0;-0.9474830627441406
39;48400;VEV_5500;5;22;;;;;7;22;;;;;6.0;-0.9730181694030762
39;48500;VEV_5500;5;28;;;;;7;28;;;;;6.0;-0.9305663108825684
39;48600;VEV_5500;6;6;5;12;;;7;18;;;;;6.5;-0.9205193519592285
39;48700;VEV_5500;5;27;;;;;7;27;;;;;6.0;-0.9485507011413574
39;48800;VEV_5500;5;19;;;;;7;19;;;;;6.0;-1.0003924369812012
39;48900;VEV_5500;5;26;;;;;7;26;;;;;6.0;-1.0364842414855957
39;49000;VEV_5500;5;21;;;;;6;6;7;15;;;5.5;-1.0784788131713867
39;49100;VEV_5500;5;25;;;;;7;25;;;;;6.0;-1.0131244659423828
39;49200;VEV_5500;5;19;;;;;7;19;;;;;6.0;-1.0546693801879883
39;49300;VEV_5500;5;26;;;;;7;26;;;;;6.0;-0.9781894683837891
39;49400;VEV_5500;6;23;;;;;7;23;;;;;6.5;-0.8951687812805176
39;49500;VEV_5500;5;27;;;;;7;27;;;;;6.0;-0.9749083518981934
39;49600;VEV_5500;5;25;;;;;7;25;;;;;6.0;-0.9976754188537598
39;49700;VEV_5500;5;20;;;;;7;20;;;;;6.0;-0.940788745880127
39;49800;VEV_5500;5;24;;;;;7;24;;;;;6.0;-0.9550447463989258
39;49900;VEV_5500;6;18;;;;;7;18;;;;;6.5;-0.8269543647766113
39;50000;VEV_5500;6;21;;;;;7;21;;;;;6.5;-0.8198637962341309
39;50100;VEV_5500;6;21;;;;;7;21;;;;;6.5;-0.7787003517150879
39;50200;VEV_5500;6;6;5;12;;;7;18;;;;;6.5;-0.9146151542663574
39;50300;VEV_5500;5;25;;;;;7;25;;;;;6.0;-0.9385218620300293
39;50400;VEV_5500;6;28;;;;;7;28;;;;;6.5;-0.8287382125854492
39;50500;VEV_5500;6;19;;;;;7;19;;;;;6.5;-0.866480827331543
39;50600;VEV_5500;6;19;;;;;7;19;;;;;6.5;-0.7170348167419434
39;50700;VEV_5500;6;20;;;;;7;20;;;;;6.5;-0.6913599967956543
39;50800;VEV_5500;6;17;;;;;7;17;;;;;6.5;-0.4960155487060547
39;50900;VEV_5500;6;21;;;;;7;21;;;;;6.5;-0.3773622512817383
39;51000;VEV_5500;6;23;;;;;7;23;;;;;6.5;-0.46120262145996094
39;51100;VEV_5500;6;20;;;;;7;20;;;;;6.5;-0.4720292091369629
39;51200;VEV_5500;6;24;;;;;7;24;;;;;6.5;-0.5469169616699219
39;51300;VEV_5500;6;22;;;;;7;22;;;;;6.5;-0.43114233016967773
39;51400;VEV_5500;6;28;;;;;7;28;;;;;6.5;-0.44171142578125
39;51500;VEV_5500;6;24;;;;;7;24;;;;;6.5;-0.554713249206543
39;51600;VEV_5500;6;19;;;;;7;19;;;;;6.5;-0.4410214424133301
39;51700;VEV_5500;6;20;;;;;7;20;;;;;6.5;-0.583162784576416
39;51800;VEV_5500;6;19;;;;;7;19;;;;;6.5;-0.5889039039611816
39;51900;VEV_5500;6;19;;;;;7;19;;;;;6.5;-0.6733436584472656
39;52000;VEV_5500;6;23;;;;;7;23;;;;;6.5;-0.6922039985656738
39;52100;VEV_5500;6;26;;;;;7;26;;;;;6.5;-0.6249380111694336
39;52200;VEV_5500;6;23;;;;;7;23;;;;;6.5;-0.6740522384643555
39;52300;VEV_5500;6;25;;;;;7;25;;;;;6.5;-0.6310186386108398
39;52400;VEV_5500;6;20;;;;;7;20;;;;;6.5;-0.6496810913085938
39;52500;VEV_5500;6;21;;;;;7;21;;;;;6.5;-0.7555203437805176
39;52600;VEV_5500;6;21;;;;;7;21;;;;;6.5;-0.7898464202880859
39;52700;VEV_5500;6;15;;;;;7;15;;;;;6.5;-0.8400168418884277
39;52800;VEV_5500;6;30;;;;;7;30;;;;;6.5;-0.8450107574462891
39;52900;VEV_5500;6;16;;;;;7;21;;;;;6.5;-0.8335847854614258
39;53000;VEV_5500;6;25;;;;;7;25;;;;;6.5;-0.8879227638244629
39;53100;VEV_5500;6;19;;;;;7;19;;;;;6.5;-0.7521452903747559
39;53200;VEV_5500;6;24;;;;;7;24;;;;;6.5;-0.6802449226379395
39;53300;VEV_5500;6;21;;;;;7;21;;;;;6.5;-0.6424450874328613
39;53400;VEV_5500;6;26;;;;;7;26;;;;;6.5;-0.6604690551757812
39;53500;VEV_5500;6;19;;;;;7;19;;;;;6.5;-0.7217116355895996
39;53600;VEV_5500;6;25;;;;;7;25;;;;;6.5;-0.8049759864807129
39;53700;VEV_5500;6;20;;;;;7;20;;;;;6.5;-0.8827023506164551
39;53800;VEV_5500;6;15;;;;;7;15;;;;;6.5;-0.8907442092895508
39;53900;VEV_5500;5;22;;;;;7;22;;;;;6.0;-0.9502897262573242
39;54000;VEV_5500;5;21;;;;;6;5;7;16;;;5.5;-1.0865693092346191
39;54100;VEV_5500;5;24;;;;;7;24;;;;;6.0;-0.9359345436096191
39;54200;VEV_5500;6;19;;;;;7;19;;;;;6.5;-0.8401904106140137
39;54300;VEV_5500;6;23;;;;;7;23;;;;;6.5;-0.8983945846557617
39;54400;VEV_5500;6;17;;;;;7;17;;;;;6.5;-0.8976268768310547
39;54500;VEV_5500;6;30;;;;;7;30;;;;;6.5;-0.7912502288818359
39;54600;VEV_5500;6;22;;;;;7;22;;;;;6.5;-0.7816061973571777
39;54700;VEV_5500;5;23;;;;;7;23;;;;;6.0;-0.9338855743408203
39;54800;VEV_5500;5;22;;;;;7;22;;;;;6.0;-0.9418830871582031
39;54900;VEV_5500;5;19;;;;;7;19;;;;;6.0;-1.0465564727783203
39;55000;VEV_5500;5;25;;;;;7;25;;;;;6.0;-1.0297136306762695
39;55100;VEV_5500;5;26;;;;;7;26;;;;;6.0;-0.9553232192993164
39;55200;VEV_5500;5;17;;;;;6;7;7;10;;;5.5;-1.086397647857666
39;55300;VEV_5500;5;27;;;;;6;27;;;;;5.5;-1.2047080993652344
39;55400;VEV_5500;5;25;;;;;6;25;;;;;5.5;-1.1491179466247559
39;55500;VEV_5500;5;20;;;;;6;20;;;;;5.5;-1.1530098915100098
39;55600;VEV_5500;5;18;;;;;6;18;;;;;5.5;-1.2022557258605957
39;55700;VEV_5500;5;29;;;;;6;29;;;;;5.5;-1.1409764289855957
39;55800;VEV_5500;5;23;;;;;6;23;;;;;5.5;-1.2295899391174316
39;55900;VEV_5500;5;26;;;;;6;26;;;;;5.5;-1.232619285583496
39;56000;VEV_5500;5;25;;;;;6;25;;;;;5.5;-1.3222527503967285
39;56100;VEV_5500;5;25;;;;;6;25;;;;;5.5;-1.2700037956237793
39;56200;VEV_5500;5;22;;;;;6;22;;;;;5.5;-1.3842873573303223
39;56300;VEV_5500;5;24;;;;;6;24;;;;;5.5;-1.5108976364135742
39;56400;VEV_5500;5;28;;;;;6;28;;;;;5.5;-1.4918279647827148
39;56500;VEV_5500;5;25;;;;;6;25;;;;;5.5;-1.4519309997558594
39;56600;VEV_5500;5;28;;;;;6;28;;;;;5.5;-1.4726290702819824
39;56700;VEV_5500;5;15;;;;;6;15;;;;;5.5;-1.5367722511291504
39;56800;VEV_5500;5;26;;;;;6;26;;;;;5.5;-1.4788904190063477
39;56900;VEV_5500;5;24;;;;;6;24;;;;;5.5;-1.433335304260254
39;57000;VEV_5500;5;28;;;;;6;28;;;;;5.5;-1.5403294563293457
39;57100;VEV_5500;5;28;;;;;6;28;;;;;5.5;-1.6502747535705566
39;57200;VEV_5500;5;22;;;;;6;22;;;;;5.5;-1.6379685401916504
39;57300;VEV_5500;5;18;;;;;6;18;;;;;5.5;-1.698648452758789
39;57400;VEV_5500;5;18;;;;;6;18;;;;;5.5;-1.7047762870788574
39;57500;VEV_5500;5;22;;;;;6;22;;;;;5.5;-1.6643786430358887
39;57600;VEV_5500;5;29;;;;;6;29;;;;;5.5;-1.7047228813171387
39;57700;VEV_5500;5;24;;;;;6;24;;;;;5.5;-1.685997486114502
39;57800;VEV_5500;5;22;;;;;6;22;;;;;5.5;-1.6864233016967773
39;57900;VEV_5500;5;24;;;;;6;24;;;;;5.5;-1.707043170928955
39;58000;VEV_5500;5;23;;;;;6;23;;;;;5.5;-1.7651171684265137
39;58100;VEV_5500;5;23;;;;;6;23;;;;;5.5;-1.7007741928100586
39;58200;VEV_5500;5;28;;;;;6;28;;;;;5.5;-1.6083288192749023
39;58300;VEV_5500;5;22;;;;;6;22;;;;;5.5;-1.7083311080932617
39;58400;VEV_5500;5;19;;;;;6;19;;;;;5.5;-1.7977218627929688
39;58500;VEV_5500;5;24;;;;;6;24;;;;;5.5;-1.796433448791504
39;58600;VEV_5500;5;25;;;;;6;25;;;;;5.5;-1.8014845848083496
39;58700;VEV_5500;5;9;4;10;;;6;19;;;;;5.5;-1.9324302673339844
39;58800;VEV_5500;4;25;;;;;5;25;;;;;4.5;-2.085296630859375
39;58900;VEV_5500;4;25;;;;;5;25;;;;;4.5;-2.1287550926208496
39;59000;VEV_5500;4;26;;;;;5;26;;;;;4.5;-2.1032285690307617
39;59100;VEV_5500;4;24;;;;;5;24;;;;;4.5;-2.1459641456604004
39;59200;VEV_5500;4;28;;;;;5;28;;;;;4.5;-2.210789680480957
39;59300;VEV_5500;4;24;;;;;5;24;;;;;4.5;-2.094161033630371
39;59400;VEV_5500;4;21;;;;;5;21;;;;;4.5;-2.128608226776123
39;59500;VEV_5500;4;21;;;;;5;21;;;;;4.5;-2.2014951705932617
39;59600;VEV_5500;4;17;;;;;5;17;;;;;4.5;-2.213787078857422
39;59700;VEV_5500;4;21;;;;;5;21;;;;;4.5;-2.213453769683838
39;59800;VEV_5500;4;24;;;;;5;24;;;;;4.5;-2.134286880493164
39;59900;VEV_5500;4;19;;;;;5;19;;;;;4.5;-2.183640956878662
39;60000;VEV_5500;4;22;;;;;5;22;;;;;4.5;-2.0748448371887207
39;60100;VEV_5500;4;21;;;;;5;21;;;;;4.5;-2.108887195587158
39;60200;VEV_5500;4;19;;;;;5;19;;;;;4.5;-2.1023406982421875
39;60300;VEV_5500;4;24;;;;;5;24;;;;;4.5;-2.1312055587768555
39;60400;VEV_5500;4;22;;;;;6;22;;;;;5.0;-2.0087270736694336
39;60500;VEV_5500;4;19;;;;;6;19;;;;;5.0;-2.001765251159668
39;60600;VEV_5500;5;23;;;;;6;23;;;;;5.5;-1.9187240600585938
39;60700;VEV_5500;5;10;4;19;;;6;29;;;;;5.5;-1.930823802947998
39;60800;VEV_5500;5;22;;;;;6;22;;;;;5.5;-1.8440728187561035
39;60900;VEV_5500;5;18;;;;;6;18;;;;;5.5;-1.8636531829833984
39;61000;VEV_5500;5;20;;;;;6;20;;;;;5.5;-1.8461804389953613
39;61100;VEV_5500;5;22;;;;;6;22;;;;;5.5;-1.7691378593444824
39;61200;VEV_5500;5;19;;;;;6;19;;;;;5.5;-1.678736686706543
39;61300;VEV_5500;5;22;;;;;6;22;;;;;5.5;-1.6953630447387695
39;61400;VEV_5500;5;30;;;;;6;27;;;;;5.5;-1.7102470397949219
39;61500;VEV_5500;5;21;;;;;6;21;;;;;5.5;-1.7493419647216797
39;61600;VEV_5500;5;26;;;;;6;26;;;;;5.5;-1.7713890075683594
39;61700;VEV_5500;5;23;;;;;6;23;;;;;5.5;-1.6806740760803223
39;61800;VEV_5500;5;24;;;;;6;24;;;;;5.5;-1.6714835166931152
39;61900;VEV_5500;5;22;;;;;6;22;;;;;5.5;-1.5936603546142578
39;62000;VEV_5500;5;29;;;;;6;29;;;;;5.5;-1.6569809913635254
39;62100;VEV_5500;5;23;;;;;6;23;;;;;5.5;-1.713343620300293
39;62200;VEV_5500;5;21;;;;;6;21;;;;;5.5;-1.6912403106689453
39;62300;VEV_5500;5;20;;;;;6;20;;;;;5.5;-1.7055869102478027
39;62400;VEV_5500;5;30;;;;;6;30;;;;;5.5;-1.7191472053527832
39;62500;VEV_5500;5;22;;;;;6;22;;;;;5.5;-1.6909613609313965
39;62600;VEV_5500;5;23;;;;;6;23;;;;;5.5;-1.6365480422973633
39;62700;VEV_5500;5;21;;;;;6;21;;;;;5.5;-1.577223777770996
39;62800;VEV_5500;5;18;;;;;6;18;;;;;5.5;-1.6195392608642578
39;62900;VEV_5500;5;18;;;;;6;18;;;;;5.5;-1.6149725914001465
39;63000;VEV_5500;5;24;;;;;6;24;;;;;5.5;-1.6201424598693848
39;63100;VEV_5500;5;29;;;;;6;29;;;;;5.5;-1.623392105102539
39;63200;VEV_5500;5;18;;;;;6;18;;;;;5.5;-1.4345245361328125
39;63300;VEV_5500;5;23;;;;;6;23;;;;;5.5;-1.4647493362426758
39;63400;VEV_5500;5;18;;;;;6;18;;;;;5.5;-1.3600597381591797
39;63500;VEV_5500;5;24;;;;;6;24;;;;;5.5;-1.372960090637207
39;63600;VEV_5500;5;17;;;;;6;17;;;;;5.5;-1.3733229637145996
39;63700;VEV_5500;5;24;;;;;6;24;;;;;5.5;-1.4982166290283203
39;63800;VEV_5500;5;19;;;;;6;19;;;;;5.5;-1.455604076385498
39;63900;VEV_5500;5;25;;;;;6;25;;;;;5.5;-1.533226490020752
39;64000;VEV_5500;5;24;;;;;6;24;;;;;5.5;-1.4181265830993652
39;64100;VEV_5500;5;28;;;;;6;28;;;;;5.5;-1.4149994850158691
39;64200;VEV_5500;5;28;;;;;6;28;;;;;5.5;-1.3381199836730957
39;64300;VEV_5500;5;20;;;;;6;20;;;;;5.5;-1.39202880859375
39;64400;VEV_5500;5;16;;;;;6;16;;;;;5.5;-1.2772564888000488
39;64500;VEV_5500;5;19;;;;;6;19;;;;;5.5;-1.2995014190673828
39;64600;VEV_5500;5;23;;;;;6;23;;;;;5.5;-1.2268147468566895
39;64700;VEV_5500;5;18;;;;;6;18;;;;;5.5;-1.3759827613830566
39;64800;VEV_5500;5;16;;;;;6;16;;;;;5.5;-1.4328341484069824
39;64900;VEV_5500;5;22;;;;;6;22;;;;;5.5;-1.454038143157959
39;65000;VEV_5500;5;27;;;;;6;27;;;;;5.5;-1.5582890510559082
39;65100;VEV_5500;5;21;;;;;6;21;;;;;5.5;-1.4822559356689453
39;65200;VEV_5500;5;29;;;;;6;29;;;;;5.5;-1.4802865982055664
39;65300;VEV_5500;5;22;;;;;6;17;;;;;5.5;-1.4150495529174805
39;65400;VEV_5500;5;19;;;;;6;19;;;;;5.5;-1.4364571571350098
39;65500;VEV_5500;5;22;;;;;6;22;;;;;5.5;-1.3843088150024414
39;65600;VEV_5500;5;22;;;;;6;22;;;;;5.5;-1.2845439910888672
39;65700;VEV_5500;5;25;;;;;6;25;;;;;5.5;-1.2699623107910156
39;65800;VEV_5500;5;23;;;;;6;23;;;;;5.5;-1.3257842063903809
39;65900;VEV_5500;5;20;;;;;6;20;;;;;5.5;-1.3255300521850586
39;66000;VEV_5500;5;25;;;;;6;25;;;;;5.5;-1.422004222869873
39;66100;VEV_5500;5;29;;;;;6;29;;;;;5.5;-1.3190827369689941
39;66200;VEV_5500;5;28;;;;;6;28;;;;;5.5;-1.3334846496582031
39;66300;VEV_5500;5;23;;;;;6;23;;;;;5.5;-1.3576140403747559
39;66400;VEV_5500;5;19;;;;;6;19;;;;;5.5;-1.4418821334838867
39;66500;VEV_5500;5;20;;;;;6;20;;;;;5.5;-1.4027271270751953
39;66600;VEV_5500;5;29;;;;;6;29;;;;;5.5;-1.2751450538635254
39;66700;VEV_5500;5;20;;;;;6;20;;;;;5.5;-1.156015396118164
39;66800;VEV_5500;5;24;;;;;6;24;;;;;5.5;-1.1203737258911133
39;66900;VEV_5500;5;17;;;;;6;17;;;;;5.5;-1.1521892547607422
39;67000;VEV_5500;5;23;;;;;6;23;;;;;5.5;-1.1245923042297363
39;67100;VEV_5500;5;22;;;;;7;22;;;;;6.0;-1.0519986152648926
39;67200;VEV_5500;5;16;;;;;7;16;;;;;6.0;-1.048304557800293
39;67300;VEV_5500;5;25;;;;;6;8;7;17;;;5.5;-1.071230411529541
39;67400;VEV_5500;5;26;;;;;7;26;;;;;6.0;-0.9830608367919922
39;67500;VEV_5500;6;10;5;19;;;7;29;;;;;6.5;-0.910851001739502
39;67600;VEV_5500;6;27;;;;;7;27;;;;;6.5;-0.778963565826416
39;67700;VEV_5500;6;25;;;;;7;25;;;;;6.5;-0.729764461517334
39;67800;VEV_5500;6;25;;;;;7;25;;;;;6.5;-0.7688436508178711
39;67900;VEV_5500;6;29;;;;;7;29;;;;;6.5;-0.7622241973876953
39;68000;VEV_5500;6;20;;;;;7;20;;;;;6.5;-0.7222261428833008
39;68100;VEV_5500;6;21;;;;;7;21;;;;;6.5;-0.749971866607666
39;68200;VEV_5500;6;18;;;;;7;18;;;;;6.5;-0.8094372749328613
39;68300;VEV_5500;6;25;;;;;7;25;;;;;6.5;-0.843773365020752
39;68400;VEV_5500;6;10;5;20;;;7;30;;;;;6.5;-0.9096646308898926
39;68500;VEV_5500;5;20;;;;;7;20;;;;;6.0;-0.9899692535400391
39;68600;VEV_5500;5;16;;;;;7;16;;;;;6.0;-1.0572137832641602
39;68700;VEV_5500;5;17;;;;;6;17;;;;;5.5;-1.104996681213379
39;68800;VEV_5500;5;24;;;;;6;24;;;;;5.5;-1.215597152709961
39;68900;VEV_5500;5;18;;;;;6;18;;;;;5.5;-1.2609920501708984
39;69000;VEV_5500;5;25;;;;;6;25;;;;;5.5;-1.129549503326416
39;69100;VEV_5500;5;23;;;;;6;23;;;;;5.5;-1.1689648628234863
39;69200;VEV_5500;5;24;;;;;6;24;;;;;5.5;-1.2350430488586426
39;69300;VEV_5500;5;26;;;;;6;26;;;;;5.5;-1.1771187782287598
39;69400;VEV_5500;5;27;;;;;6;27;;;;;5.5;-1.2801012992858887
39;69500;VEV_5500;5;30;;;;;6;30;;;;;5.5;-1.1234235763549805
39;69600;VEV_5500;5;30;;;;;7;30;;;;;6.0;-0.9364533424377441
39;69700;VEV_5500;5;24;;;;;7;24;;;;;6.0;-1.0163321495056152
39;69800;VEV_5500;5;17;;;;;7;17;;;;;6.0;-1.0145244598388672
39;69900;VEV_5500;5;20;;;;;7;20;;;;;6.0;-0.9362444877624512
39;70000;VEV_5500;6;5;5;17;;;7;22;;;;;6.5;-0.9165663719177246
39;70100;VEV_5500;5;26;;;;;7;26;;;;;6.0;-1.0374608039855957
39;70200;VEV_5500;5;26;;;;;7;26;;;;;6.0;-1.0525164604187012
39;70300;VEV_5500;5;21;;;;;7;21;;;;;6.0;-0.9687042236328125
39;70400;VEV_5500;5;19;;;;;7;19;;;;;6.0;-0.9459724426269531
39;70500;VEV_5500;5;23;;;;;7;23;;;;;6.0;-0.9402122497558594
39;70600;VEV_5500;5;25;;;;;6;5;7;20;;;5.5;-1.0872788429260254
39;70700;VEV_5500;5;24;;;;;7;24;;;;;6.0;-1.050158977508545
39;70800;VEV_5500;5;20;;;;;6;20;;;;;5.5;-1.0953783988952637
39;70900;VEV_5500;5;21;;;;;6;21;;;;;5.5;-1.1061067581176758
39;71000;VEV_5500;5;26;;;;;6;26;;;;;5.5;-1.207024097442627
39;71100;VEV_5500;5;27;;;;;6;27;;;;;5.5;-1.2074570655822754
39;71200;VEV_5500;5;22;;;;;6;22;;;;;5.5;-1.2791857719421387
39;71300;VEV_5500;5;24;;;;;6;24;;;;;5.5;-1.2692899703979492
39;71400;VEV_5500;5;26;;;;;6;26;;;;;5.5;-1.442650318145752
39;71500;VEV_5500;5;23;;;;;6;23;;;;;5.5;-1.456723690032959
39;71600;VEV_5500;5;25;;;;;6;25;;;;;5.5;-1.4379749298095703
39;71700;VEV_5500;5;16;;;;;6;16;;;;;5.5;-1.4302663803100586
39;71800;VEV_5500;5;29;;;;;6;29;;;;;5.5;-1.282240390777588
39;71900;VEV_5500;5;23;;;;;6;23;;;;;5.5;-1.391791820526123
39;72000;VEV_5500;5;21;;;;;6;21;;;;;5.5;-1.2499604225158691
39;72100;VEV_5500;5;25;;;;;6;25;;;;;5.5;-1.1745972633361816
39;72200;VEV_5500;5;20;;;;;7;20;;;;;6.0;-1.05950927734375
39;72300;VEV_5500;5;23;;;;;7;23;;;;;6.0;-1.0686140060424805
39;72400;VEV_5500;5;27;;;;;7;27;;;;;6.0;-1.0559072494506836
39;72500;VEV_5500;5;29;;;;;7;29;;;;;6.0;-0.9829831123352051
39;72600;VEV_5500;5;23;;;;;7;23;;;;;6.0;-0.9343094825744629
39;72700;VEV_5500;5;21;;;;;7;21;;;;;6.0;-0.952481746673584
39;72800;VEV_5500;5;19;;;;;7;19;;;;;6.0;-0.9505386352539062
39;72900;VEV_5500;5;26;;;;;7;26;;;;;6.0;-1.0277280807495117
39;73000;VEV_5500;5;23;;;;;7;23;;;;;6.0;-1.046717643737793
39;73100;VEV_5500;5;27;;;;;7;27;;;;;6.0;-0.9633855819702148
39;73200;VEV_5500;5;28;;;;;6;8;7;20;;;5.5;-1.0874137878417969
39;73300;VEV_5500;5;20;;;;;6;20;;;;;5.5;-1.155266284942627
39;73400;VEV_5500;5;28;;;;;6;28;;;;;5.5;-1.1861186027526855
39;73500;VEV_5500;5;16;;;;;6;16;;;;;5.5;-1.2270150184631348
39;73600;VEV_5500;5;23;;;;;6;23;;;;;5.5;-1.192702293395996
39;73700;VEV_5500;5;27;;;;;6;27;;;;;5.5;-1.126661777496338
39;73800;VEV_5500;5;27;;;;;6;27;;;;;5.5;-1.1736226081848145
39;73900;VEV_5500;5;27;;;;;6;27;;;;;5.5;-1.109382152557373
39;74000;VEV_5500;5;24;;;;;6;24;;;;;5.5;-1.2410364151000977
39;74100;VEV_5500;5;25;;;;;6;25;;;;;5.5;-1.1766247749328613
39;74200;VEV_5500;5;26;;;;;6;26;;;;;5.5;-1.165243148803711
39;74300;VEV_5500;5;28;;;;;6;28;;;;;5.5;-1.1117353439331055
39;74400;VEV_5500;5;29;;;;;6;29;;;;;5.5;-1.1317696571350098
39;74500;VEV_5500;5;20;;;;;6;20;;;;;5.5;-1.1658520698547363
39;74600;VEV_5500;5;21;;;;;6;21;;;;;5.5;-1.152318000793457
39;74700;VEV_5500;5;24;;;;;6;24;;;;;5.5;-1.1711153984069824
39;74800;VEV_5500;5;17;;;;;6;17;;;;;5.5;-1.2153658866882324
39;74900;VEV_5500;5;24;;;;;6;24;;;;;5.5;-1.196944236755371
39;75000;VEV_5500;5;27;;;;;6;27;;;;;5.5;-1.1821179389953613
39;75100;VEV_5500;5;20;;;;;6;20;;;;;5.5;-1.2981681823730469
39;75200;VEV_5500;5;20;;;;;6;24;;;;;5.5;-1.258410930633545
39;75300;VEV_5500;5;22;;;;;6;22;;;;;5.5;-1.3384289741516113
39;75400;VEV_5500;5;24;;;;;6;24;;;;;5.5;-1.1860923767089844
39;75500;VEV_5500;5;24;;;;;6;24;;;;;5.5;-1.2014427185058594
39;75600;VEV_5500;5;25;;;;;6;25;;;;;5.5;-1.2017245292663574
39;75700;VEV_5500;5;22;;;;;6;22;;;;;5.5;-1.2658133506774902
39;75800;VEV_5500;5;26;;;;;6;26;;;;;5.5;-1.2574028968811035
39;75900;VEV_5500;5;24;;;;;6;24;;;;;5.5;-1.304093360900879
39;76000;VEV_5500;5;21;;;;;6;21;;;;;5.5;-1.209794044494629
39;76100;VEV_5500;5;22;;;;;6;22;;;;;5.5;-1.2123956680297852
39;76200;VEV_5500;5;23;;;;;6;23;;;;;5.5;-1.3914499282836914
39;76300;VEV_5500;5;17;;;;;6;17;;;;;5.5;-1.2888836860656738
39;76400;VEV_5500;5;21;;;;;6;21;;;;;5.5;-1.2830195426940918
39;76500;VEV_5500;5;26;;;;;6;26;;;;;5.5;-1.2749567031860352
39;76600;VEV_5500;5;20;;;;;6;20;;;;;5.5;-1.2769174575805664
39;76700;VEV_5500;5;23;;;;;6;23;;;;;5.5;-1.2752575874328613
39;76800;VEV_5500;5;23;;;;;6;23;;;;;5.5;-1.3646831512451172
39;76900;VEV_5500;5;19;;;;;6;19;;;;;5.5;-1.406796932220459
39;77000;VEV_5500;5;20;;;;;6;20;;;;;5.5;-1.4024391174316406
39;77100;VEV_5500;5;20;;;;;6;20;;;;;5.5;-1.4750704765319824
39;77200;VEV_5500;5;21;;;;;6;21;;;;;5.5;-1.4970908164978027
39;77300;VEV_5500;5;27;;;;;6;27;;;;;5.5;-1.55745267868042
39;77400;VEV_5500;5;24;;;;;6;24;;;;;5.5;-1.544670581817627
39;77500;VEV_5500;5;26;;;;;6;26;;;;;5.5;-1.4226984977722168
39;77600;VEV_5500;5;28;;;;;6;28;;;;;5.5;-1.403709888458252
39;77700;VEV_5500;5;18;;;;;6;18;;;;;5.5;-1.4179997444152832
39;77800;VEV_5500;5;20;;;;;6;20;;;;;5.5;-1.3084511756896973
39;77900;VEV_5500;5;17;;;;;6;17;;;;;5.5;-1.2414603233337402
39;78000;VEV_5500;5;26;;;;;6;26;;;;;5.5;-1.368539810180664
39;78100;VEV_5500;5;20;;;;;6;20;;;;;5.5;-1.1748480796813965
39;78200;VEV_5500;5;18;;;;;6;18;;;;;5.5;-1.2129664421081543
39;78300;VEV_5500;5;24;;;;;6;24;;;;;5.5;-1.3017101287841797
39;78400;VEV_5500;5;23;;;;;6;23;;;;;5.5;-1.2936201095581055
39;78500;VEV_5500;5;25;;;;;6;25;;;;;5.5;-1.3305420875549316
39;78600;VEV_5500;5;20;;;;;6;20;;;;;5.5;-1.3866477012634277
39;78700;VEV_5500;5;22;;;;;6;22;;;;;5.5;-1.3665447235107422
39;78800;VEV_5500;5;29;;;;;6;25;;;;;5.5;-1.2676143646240234
39;78900;VEV_5500;5;25;;;;;6;25;;;;;5.5;-1.177236557006836
39;79000;VEV_5500;5;24;;;;;6;24;;;;;5.5;-1.1755146980285645
39;79100;VEV_5500;5;25;;;;;6;25;;;;;5.5;-1.1946072578430176
39;79200;VEV_5500;5;23;;;;;6;23;;;;;5.5;-1.1696248054504395
39;79300;VEV_5500;5;20;;;;;7;25;;;;;6.0;-1.0511970520019531
39;79400;VEV_5500;5;25;;;;;7;25;;;;;6.0;-1.0580811500549316
39;79500;VEV_5500;5;19;;;;;6;19;;;;;5.5;-1.1194486618041992
39;79600;VEV_5500;5;23;;;;;7;23;;;;;6.0;-1.0199313163757324
39;79700;VEV_5500;5;26;;;;;6;26;;;;;5.5;-1.1513214111328125
39;79800;VEV_5500;5;21;;;;;6;21;;;;;5.5;-1.1143908500671387
39;79900;VEV_5500;5;21;;;;;6;5;7;16;;;5.5;-1.0736198425292969
39;80000;VEV_5500;6;23;;;;;7;23;;;;;6.5;-0.907048225402832
39;80100;VEV_5500;6;24;;;;;7;24;;;;;6.5;-0.7354798316955566
39;80200;VEV_5500;6;20;;;;;7;20;;;;;6.5;-0.8056011199951172
39;80300;VEV_5500;6;24;;;;;7;24;;;;;6.5;-0.8003287315368652
39;80400;VEV_5500;6;27;;;;;7;27;;;;;6.5;-0.6678676605224609
39;80500;VEV_5500;6;17;;;;;7;17;;;;;6.5;-0.6361832618713379
39;80600;VEV_5500;6;18;;;;;7;18;;;;;6.5;-0.654541015625
39;80700;VEV_5500;6;30;;;;;7;30;;;;;6.5;-0.6903033256530762
39;80800;VEV_5500;6;21;;;;;7;21;;;;;6.5;-0.5538992881774902
39;80900;VEV_5500;6;25;;;;;7;25;;;;;6.5;-0.5585098266601562
39;81000;VEV_5500;6;26;;;;;7;26;;;;;6.5;-0.4978032112121582
39;81100;VEV_5500;6;29;;;;;7;29;;;;;6.5;-0.46959543228149414
39;81200;VEV_5500;6;27;;;;;7;27;;;;;6.5;-0.41726112365722656
39;81300;VEV_5500;6;23;;;;;7;23;;;;;6.5;-0.4649662971496582
39;81400;VEV_5500;6;20;;;;;7;20;;;;;6.5;-0.44188594818115234
39;81500;VEV_5500;6;24;;;;;7;24;;;;;6.5;-0.3271908760070801
39;81600;VEV_5500;6;27;;;;;7;27;;;;;6.5;-0.3289756774902344
39;81700;VEV_5500;6;20;;;;;7;20;;;;;6.5;-0.3648681640625
39;81800;VEV_5500;6;22;;;;;7;22;;;;;6.5;-0.33080434799194336
39;81900;VEV_5500;6;19;;;;;7;19;;;;;6.5;-0.20847129821777344
39;82000;VEV_5500;6;24;;;;;8;24;;;;;7.0;-0.022925853729248047
39;82100;VEV_5500;7;7;6;15;;;8;22;;;;;7.5;0.09984636306762695
39;82200;VEV_5500;7;17;;;;;8;17;;;;;7.5;0.21202659606933594
39;82300;VEV_5500;7;17;;;;;8;17;;;;;7.5;0.20870018005371094
39;82400;VEV_5500;7;22;;;;;8;22;;;;;7.5;0.21291542053222656
39;82500;VEV_5500;6;28;;;;;8;28;;;;;7.0;0.06632614135742188
39;82600;VEV_5500;7;23;;;;;8;23;;;;;7.5;0.18456554412841797
39;82700;VEV_5500;6;25;;;;;8;25;;;;;7.0;0.08048868179321289
39;82800;VEV_5500;6;18;;;;;8;18;;;;;7.0;-0.03867769241333008
39;82900;VEV_5500;6;16;;;;;7;16;;;;;6.5;-0.17172813415527344
39;83000;VEV_5500;6;23;;;;;7;23;;;;;6.5;-0.16782331466674805
39;83100;VEV_5500;6;19;;;;;7;19;;;;;6.5;-0.26316261291503906
39;83200;VEV_5500;6;20;;;;;7;20;;;;;6.5;-0.3180046081542969
39;83300;VEV_5500;6;19;;;;;7;19;;;;;6.5;-0.3404965400695801
39;83400;VEV_5500;6;27;;;;;7;27;;;;;6.5;-0.22587251663208008
39;83500;VEV_5500;6;16;;;;;7;16;;;;;6.5;-0.10777425765991211
39;83600;VEV_5500;6;19;;;;;7;19;;;;;6.5;-0.15610265731811523
39;83700;VEV_5500;6;26;;;;;7;26;;;;;6.5;-0.21201086044311523
39;83800;VEV_5500;6;27;;;;;7;9;8;18;;;6.5;-0.09906864166259766
39;83900;VEV_5500;6;18;;;;;7;5;8;13;;;6.5;-0.08956670761108398
39;84000;VEV_5500;6;22;;;;;7;22;;;;;6.5;-0.12909173965454102
39;84100;VEV_5500;6;23;;;;;8;23;;;;;7.0;-0.05728721618652344
39;84200;VEV_5500;6;24;;;;;8;24;;;;;7.0;-0.06297969818115234
39;84300;VEV_5500;6;26;;;;;8;26;;;;;7.0;-0.056954383850097656
39;84400;VEV_5500;7;5;6;10;;;8;15;;;;;7.5;0.08597183227539062
39;84500;VEV_5500;7;21;;;;;8;21;;;;;7.5;0.2712440490722656
39;84600;VEV_5500;7;26;;;;;8;26;;;;;7.5;0.3392372131347656
39;84700;VEV_5500;7;17;;;;;8;17;;;;;7.5;0.5138254165649414
39;84800;VEV_5500;7;21;;;;;8;21;;;;;7.5;0.36835336685180664
39;84900;VEV_5500;7;21;;;;;8;21;;;;;7.5;0.12093353271484375
39;85000;VEV_5500;6;22;;;;;8;22;;;;;7.0;-0.01776266098022461
39;85100;VEV_5500;6;19;;;;;7;19;;;;;6.5;-0.1299128532409668
39;85200;VEV_5500;6;21;;;;;7;21;;;;;6.5;-0.11672353744506836
39;85300;VEV_5500;6;21;;;;;7;21;;;;;6.5;-0.1221766471862793
39;85400;VEV_5500;6;16;;;;;7;16;;;;;6.5;-0.13217782974243164
39;85500;VEV_5500;6;22;;;;;8;22;;;;;7.0;0.052698612213134766
39;85600;VEV_5500;6;20;;;;;8;20;;;;;7.0;0.046597957611083984
39;85700;VEV_5500;7;24;;;;;8;24;;;;;7.5;0.15618419647216797
39;85800;VEV_5500;6;18;;;;;8;18;;;;;7.0;-0.02454519271850586
39;85900;VEV_5500;6;28;;;;;7;28;;;;;6.5;-0.13597583770751953
39;86000;VEV_5500;6;19;;;;;7;9;8;10;;;6.5;-0.08759069442749023
39;86100;VEV_5500;6;23;;;;;8;23;;;;;7.0;-2.951622009277344E-4
39;86200;VEV_5500;6;20;;;;;8;20;;;;;7.0;-0.016823768615722656
39;86300;VEV_5500;6;20;;;;;8;20;;;;;7.0;-0.04737234115600586
39;86400;VEV_5500;6;18;;;;;8;18;;;;;7.0;0.013582229614257812
39;86500;VEV_5500;6;20;;;;;8;20;;;;;7.0;0.04457235336303711
39;86600;VEV_5500;6;27;;;;;8;27;;;;;7.0;-0.0755319595336914
39;86700;VEV_5500;6;20;;;;;7;20;;;;;6.5;-0.16251277923583984
39;86800;VEV_5500;6;30;;;;;7;30;;;;;6.5;-0.18429803848266602
39;86900;VEV_5500;6;24;;;;;8;24;;;;;7.0;-0.06574583053588867
39;87000;VEV_5500;6;17;;;;;8;17;;;;;7.0;-0.08298635482788086
39;87100;VEV_5500;6;25;;;;;8;25;;;;;7.0;0.02678537368774414
39;87200;VEV_5500;6;22;;;;;8;22;;;;;7.0;-0.0025725364685058594
39;87300;VEV_5500;6;23;;;;;8;23;;;;;7.0;0.07142066955566406
39;87400;VEV_5500;6;23;;;;;8;23;;;;;7.0;0.058383941650390625
39;87500;VEV_5500;6;19;;;;;8;19;;;;;7.0;0.0579075813293457
39;87600;VEV_5500;6;26;;;;;8;26;;;;;7.0;0.06545495986938477
39;87700;VEV_5500;6;17;;;;;8;17;;;;;7.0;0.01859569549560547
39;87800;VEV_5500;6;24;;;;;8;24;;;;;7.0;0.01192474365234375
39;87900;VEV_5500;6;21;;;;;8;21;;;;;7.0;0.0823211669921875
39;88000;VEV_5500;6;27;;;;;8;27;;;;;7.0;0.027114391326904297
39;88100;VEV_5500;6;16;;;;;7;6;8;10;;;6.5;-0.0937809944152832
39;88200;VEV_5500;6;27;;;;;7;10;8;17;;;6.5;-0.10260629653930664
39;88300;VEV_5500;6;28;;;;;7;28;;;;;6.5;-0.18030786514282227
39;88400;VEV_5500;6;21;;;;;7;21;;;;;6.5;-0.16432905197143555
39;88500;VEV_5500;6;19;;;;;8;19;;;;;7.0;-0.05324697494506836
39;88600;VEV_5500;6;19;;;;;8;19;;;;;7.0;-0.015853404998779297
39;88700;VEV_5500;6;22;;;;;8;22;;;;;7.0;-0.0323948860168457
39;88800;VEV_5500;6;15;;;;;8;15;;;;;7.0;-0.03147125244140625
39;88900;VEV_5500;6;21;;;;;8;21;;;;;7.0;0.0544891357421875
39;89000;VEV_5500;6;21;;;;;8;21;;;;;7.0;-0.060891151428222656
39;89100;VEV_5500;6;22;;;;;7;22;;;;;6.5;-0.13733482360839844
39;89200;VEV_5500;6;27;;;;;8;27;;;;;7.0;0.005736351013183594
39;89300;VEV_5500;6;24;;;;;8;24;;;;;7.0;-0.0359339714050293
39;89400;VEV_5500;6;21;;;;;8;21;;;;;7.0;-0.04883289337158203
39;89500;VEV_5500;6;24;;;;;7;24;;;;;6.5;-0.11219644546508789
39;89600;VEV_5500;6;20;;;;;7;20;;;;;6.5;-0.17696332931518555
39;89700;VEV_5500;6;20;;;;;7;20;;;;;6.5;-0.3187880516052246
39;89800;VEV_5500;6;21;;;;;7;21;;;;;6.5;-0.25124454498291016
39;89900;VEV_5500;6;23;;;;;7;23;;;;;6.5;-0.17832565307617188
39;90000;VEV_5500;6;23;;;;;7;23;;;;;6.5;-0.14361000061035156
39;90100;VEV_5500;6;15;;;;;7;15;;;;;6.5;-0.1771101951599121
39;90200;VEV_5500;6;18;;;;;7;18;;;;;6.5;-0.1834697723388672
39;90300;VEV_5500;6;20;;;;;7;20;;;;;6.5;-0.19881439208984375
39;90400;VEV_5500;6;18;;;;;7;18;;;;;6.5;-0.11080741882324219
39;90500;VEV_5500;6;24;;;;;7;24;;;;;6.5;-0.14761829376220703
39;90600;VEV_5500;6;23;;;;;7;23;;;;;6.5;-0.243194580078125
39;90700;VEV_5500;6;17;;;;;7;17;;;;;6.5;-0.2907280921936035
39;90800;VEV_5500;6;18;;;;;7;18;;;;;6.5;-0.4202275276184082
39;90900;VEV_5500;6;19;;;;;7;19;;;;;6.5;-0.3787970542907715
39;91000;VEV_5500;6;24;;;;;7;24;;;;;6.5;-0.4827842712402344
39;91100;VEV_5500;6;20;;;;;7;20;;;;;6.5;-0.47205448150634766
39;91200;VEV_5500;6;17;;;;;7;17;;;;;6.5;-0.4727287292480469
39;91300;VEV_5500;6;25;;;;;7;25;;;;;6.5;-0.34129953384399414
39;91400;VEV_5500;6;23;;;;;7;23;;;;;6.5;-0.20291757583618164
39;91500;VEV_5500;6;27;;;;;7;27;;;;;6.5;-0.2653951644897461
39;91600;VEV_5500;6;29;;;;;7;29;;;;;6.5;-0.2138657569885254
39;91700;VEV_5500;6;22;;;;;7;22;;;;;6.5;-0.33487415313720703
39;91800;VEV_5500;6;19;;;;;7;19;;;;;6.5;-0.3165736198425293
39;91900;VEV_5500;6;22;;;;;7;22;;;;;6.5;-0.36482954025268555
39;92000;VEV_5500;6;26;;;;;7;26;;;;;6.5;-0.15465593338012695
39;92100;VEV_5500;6;19;;;;;7;19;;;;;6.5;-0.2685532569885254
39;92200;VEV_5500;6;27;;;;;7;27;;;;;6.5;-0.17725086212158203
39;92300;VEV_5500;6;28;;;;;7;28;;;;;6.5;-0.2704916000366211
39;92400;VEV_5500;6;18;;;;;7;18;;;;;6.5;-0.2596755027770996
39;92500;VEV_5500;6;26;;;;;7;26;;;;;6.5;-0.19851207733154297
39;92600;VEV_5500;6;16;;;;;7;16;;;;;6.5;-0.16576004028320312
39;92700;VEV_5500;6;27;;;;;7;27;;;;;6.5;-0.14199066162109375
39;92800;VEV_5500;6;25;;;;;8;25;;;;;7.0;-0.02318096160888672
39;92900;VEV_5500;6;29;;;;;8;29;;;;;7.0;0.044905662536621094
39;93000;VEV_5500;6;20;;;;;8;20;;;;;7.0;0.06236743927001953
39;93100;VEV_5500;6;25;;;;;8;25;;;;;7.0;0.06342172622680664
39;93200;VEV_5500;6;25;;;;;8;25;;;;;7.0;-0.06418371200561523
39;93300;VEV_5500;6;28;;;;;7;28;;;;;6.5;-0.11957645416259766
39;93400;VEV_5500;6;25;;;;;7;25;;;;;6.5;-0.20997238159179688
39;93500;VEV_5500;6;17;;;;;7;17;;;;;6.5;-0.17138195037841797
39;93600;VEV_5500;6;16;;;;;7;16;;;;;6.5;-0.2435307502746582
39;93700;VEV_5500;6;22;;;;;7;22;;;;;6.5;-0.26865530014038086
39;93800;VEV_5500;6;18;;;;;8;18;;;;;7.0;-0.0737757682800293
39;93900;VEV_5500;6;20;;;;;8;20;;;;;7.0;0.03620195388793945
39;94000;VEV_5500;6;24;;;;;8;24;;;;;7.0;-0.0814371109008789
39;94100;VEV_5500;6;24;;;;;7;24;;;;;6.5;-0.23994970321655273
39;94200;VEV_5500;6;19;;;;;7;19;;;;;6.5;-0.22035789489746094
39;94300;VEV_5500;6;26;;;;;7;26;;;;;6.5;-0.20316314697265625
39;94400;VEV_5500;6;20;;;;;7;20;;;;;6.5;-0.2803964614868164
39;94500;VEV_5500;6;25;;;;;7;25;;;;;6.5;-0.2702913284301758
39;94600;VEV_5500;6;25;;;;;7;25;;;;;6.5;-0.32173919677734375
39;94700;VEV_5500;6;21;;;;;7;21;;;;;6.5;-0.4702305793762207
39;94800;VEV_5500;6;23;;;;;7;23;;;;;6.5;-0.5845446586608887
39;94900;VEV_5500;6;21;;;;;7;21;;;;;6.5;-0.5717196464538574
39;95000;VEV_5500;6;19;;;;;7;19;;;;;6.5;-0.5602502822875977
39;95100;VEV_5500;6;17;;;;;7;17;;;;;6.5;-0.5424270629882812
39;95200;VEV_5500;6;25;;;;;7;25;;;;;6.5;-0.7829914093017578
39;95300;VEV_5500;6;20;;;;;7;20;;;;;6.5;-0.8545207977294922
39;95400;VEV_5500;6;19;;;;;7;19;;;;;6.5;-0.7855944633483887
39;95500;VEV_5500;6;23;;;;;7;23;;;;;6.5;-0.7552714347839355
39;95600;VEV_5500;6;24;;;;;7;24;;;;;6.5;-0.7337112426757812
39;95700;VEV_5500;6;25;;;;;7;25;;;;;6.5;-0.7277622222900391
39;95800;VEV_5500;6;17;;;;;7;17;;;;;6.5;-0.8180022239685059
39;95900;VEV_5500;6;25;;;;;7;25;;;;;6.5;-0.7986617088317871
39;96000;VEV_5500;6;29;;;;;7;29;;;;;6.5;-0.8204689025878906
39;96100;VEV_5500;6;29;;;;;7;29;;;;;6.5;-0.7855582237243652
39;96200;VEV_5500;6;19;;;;;7;19;;;;;6.5;-0.6598029136657715
39;96300;VEV_5500;6;26;;;;;7;26;;;;;6.5;-0.5477242469787598
39;96400;VEV_5500;6;26;;;;;7;26;;;;;6.5;-0.4364662170410156
39;96500;VEV_5500;6;25;;;;;7;25;;;;;6.5;-0.5612654685974121
39;96600;VEV_5500;6;22;;;;;7;22;;;;;6.5;-0.6737227439880371
39;96700;VEV_5500;6;17;;;;;7;17;;;;;6.5;-0.6183180809020996
39;96800;VEV_5500;6;16;;;;;7;16;;;;;6.5;-0.662684440612793
39;96900;VEV_5500;6;24;;;;;7;24;;;;;6.5;-0.5539040565490723
39;97000;VEV_5500;6;22;;;;;7;22;;;;;6.5;-0.6151471138000488
39;97100;VEV_5500;6;27;;;;;7;27;;;;;6.5;-0.7116494178771973
39;97200;VEV_5500;6;19;;;;;7;19;;;;;6.5;-0.702730655670166
39;97300;VEV_5500;6;23;;;;;7;23;;;;;6.5;-0.7729206085205078
39;97400;VEV_5500;6;25;;;;;7;25;;;;;6.5;-0.8247299194335938
39;97500;VEV_5500;6;23;;;;;7;23;;;;;6.5;-0.7634649276733398
39;97600;VEV_5500;6;17;;;;;7;17;;;;;6.5;-0.7465324401855469
39;97700;VEV_5500;6;21;;;;;7;21;;;;;6.5;-0.7717561721801758
39;97800;VEV_5500;6;25;;;;;7;25;;;;;6.5;-0.7942419052124023
39;97900;VEV_5500;6;24;;;;;7;24;;;;;6.5;-0.7530889511108398
39;98000;VEV_5500;6;21;;;;;7;21;;;;;6.5;-0.6606664657592773
39;98100;VEV_5500;6;18;;;;;7;18;;;;;6.5;-0.48770570755004883
39;98200;VEV_5500;6;27;;;;;7;27;;;;;6.5;-0.3883342742919922
39;98300;VEV_5500;6;25;;;;;7;25;;;;;6.5;-0.4016270637512207
39;98400;VEV_5500;6;22;;;;;7;22;;;;;6.5;-0.49569082260131836
39;98500;VEV_5500;6;24;;;;;7;24;;;;;6.5;-0.4989447593688965
39;98600;VEV_5500;6;26;;;;;7;26;;;;;6.5;-0.3721590042114258
39;98700;VEV_5500;6;29;;;;;7;29;;;;;6.5;-0.4518709182739258
39;98800;VEV_5500;6;24;;;;;7;24;;;;;6.5;-0.5130081176757812
39;98900;VEV_5500;6;22;;;;;7;22;;;;;6.5;-0.4812898635864258
39;99000;VEV_5500;6;24;;;;;7;24;;;;;6.5;-0.45249414443969727
39;99100;VEV_5500;6;26;;;;;7;26;;;;;6.5;-0.5487971305847168
39;99200;VEV_5500;6;16;;;;;7;16;;;;;6.5;-0.5412359237670898
39;99300;VEV_5500;6;24;;;;;7;24;;;;;6.5;-0.6102757453918457
39;99400;VEV_5500;6;25;;;;;7;25;;;;;6.5;-0.4992208480834961
39;99500;VEV_5500;6;15;;;;;7;15;;;;;6.5;-0.5566391944885254
39;99600;VEV_5500;6;19;;;;;7;19;;;;;6.5;-0.5741796493530273
39;99700;VEV_5500;6;25;;;;;7;25;;;;;6.5;-0.6474947929382324
39;99800;VEV_5500;6;24;;;;;7;24;;;;;6.5;-0.535454273223877
39;99900;VEV_5500;6;21;;;;;7;21;;;;;6.5;-0.5173606872558594
