day;timestamp;product;bid_price_1;bid_volume_1;bid_price_2;bid_volume_2;bid_price_3;bid_volume_3;ask_price_1;ask_volume_1;ask_price_2;ask_volume_2;ask_price_3;ask_volume_3;mid_price;profit_and_loss
39;0;VEV_6500;0;18;;;;;1;18;;;;;0.5;0.0
39;100;VEV_6500;0;17;;;;;1;17;;;;;0.5;-1.0
39;200;VEV_6500;0;18;;;;;1;18;;;;;0.5;-1.0
39;300;VEV_6500;0;13;;;;;1;13;;;;;0.5;-1.0
39;400;VEV_6500;0;20;;;;;1;20;;;;;0.5;-1.0
39;500;VEV_6500;0;17;;;;;1;17;;;;;0.5;-1.0
39;600;VEV_6500;0;15;;;;;1;10;;;;;0.5;-1.0
39;700;VEV_6500;0;11;;;;;1;11;;;;;0.5;-1.0
39;800;VEV_6500;0;17;;;;;1;17;;;;;0.5;-1.0
39;900;VEV_6500;0;12;;;;;1;12;;;;;0.5;-1.0
39;1000;VEV_6500;0;19;;;;;1;19;;;;;0.5;-1.0
39;1100;VEV_6500;0;14;;;;;1;14;;;;;0.5;-1.0
39;1200;VEV_6500;0;14;;;;;1;14;;;;;0.5;-1.0
39;1300;VEV_6500;0;13;;;;;1;13;;;;;0.5;-1.0
39;1400;VEV_6500;0;11;;;;;1;11;;;;;0.5;-1.0
39;1500;VEV_6500;0;18;;;;;1;18;;;;;0.5;-1.0
39;1600;VEV_6500;0;15;;;;;1;15;;;;;0.5;-1.0
39;1700;VEV_6500;0;15;;;;;1;15;;;;;0.5;-1.0
39;1800;VEV_6500;0;14;;;;;1;14;;;;;0.5;-1.0
39;1900;VEV_6500;0;18;;;;;1;18;;;;;0.5;-1.0
39;2000;VEV_6500;0;15;;;;;1;15;;;;;0.5;-1.0
39;2100;VEV_6500;0;13;;;;;1;13;;;;;0.5;-1.0
39;2200;VEV_6500;0;16;;;;;1;16;;;;;0.5;-1.0
39;2300;VEV_6500;0;10;;;;;1;10;;;;;0.5;-1.0
39;2400;VEV_6500;0;20;;;;;1;20;;;;;0.5;-1.0
39;2500;VEV_6500;0;20;;;;;1;20;;;;;0.5;-1.0
39;2600;VEV_6500;0;12;;;;;1;12;;;;;0.5;-1.0
39;2700;VEV_6500;0;10;;;;;1;10;;;;;0.5;-1.0
39;2800;VEV_6500;0;14;;;;;1;14;;;;;0.5;-1.0
39;2900;VEV_6500;0;14;;;;;1;14;;;;;0.5;-1.0
39;3000;VEV_6500;0;17;;;;;1;17;;;;;0.5;-1.0
39;3100;VEV_6500;0;18;;;;;1;18;;;;;0.5;-1.0
39;3200;VEV_6500;0;10;;;;;1;10;;;;;0.5;-1.0
39;3300;VEV_6500;0;14;;;;;1;14;;;;;0.5;-1.0
39;3400;VEV_6500;0;15;;;;;1;15;;;;;0.5;-1.0
39;3500;VEV_6500;0;17;;;;;1;17;;;;;0.5;-1.0
39;3600;VEV_6500;0;18;;;;;1;18;;;;;0.5;-1.0
39;3700;VEV_6500;0;11;;;;;1;11;;;;;0.5;-1.0
39;3800;VEV_6500;0;18;;;;;1;18;;;;;0.5;-1.0
39;3900;VEV_6500;0;16;;;;;1;16;;;;;0.5;-1.0
39;4000;VEV_6500;0;20;;;;;1;20;;;;;0.5;-1.0
39;4100;VEV_6500;0;12;;;;;1;12;;;;;0.5;-1.0
39;4200;VEV_6500;0;20;;;;;1;20;;;;;0.5;-1.0
39;4300;VEV_6500;0;17;;;;;1;17;;;;;0.5;-1.0
39;4400;VEV_6500;0;17;;;;;1;17;;;;;0.5;-1.0
39;4500;VEV_6500;0;16;;;;;1;16;;;;;0.5;-1.0
39;4600;VEV_6500;0;14;;;;;1;14;;;;;0.5;-1.0
39;4700;VEV_6500;0;19;;;;;1;19;;;;;0.5;-1.0
39;4800;VEV_6500;0;18;;;;;1;18;;;;;0.5;-1.0
39;4900;VEV_6500;0;12;;;;;1;12;;;;;0.5;-1.0
39;5000;VEV_6500;0;17;;;;;1;17;;;;;0.5;-1.0
39;5100;VEV_6500;0;11;;;;;1;11;;;;;0.5;-1.0
39;5200;VEV_6500;0;16;;;;;1;16;;;;;0.5;-1.0
39;5300;VEV_6500;0;13;;;;;1;13;;;;;0.5;-1.0
39;5400;VEV_6500;0;17;;;;;1;17;;;;;0.5;-1.0
39;5500;VEV_6500;0;15;;;;;1;15;;;;;0.5;-1.0
39;5600;VEV_6500;0;13;;;;;1;13;;;;;0.5;-1.0
39;5700;VEV_6500;0;14;;;;;1;14;;;;;0.5;-1.0
39;5800;VEV_6500;0;16;;;;;1;16;;;;;0.5;-1.0
39;5900;VEV_6500;0;12;;;;;1;12;;;;;0.5;-1.0
39;6000;VEV_6500;0;15;;;;;1;15;;;;;0.5;-1.0
39;6100;VEV_6500;0;14;;;;;1;14;;;;;0.5;-1.0
39;6200;VEV_6500;0;16;;;;;1;16;;;;;0.5;-1.0
39;6300;VEV_6500;0;18;;;;;1;18;;;;;0.5;-1.0
39;6400;VEV_6500;0;13;;;;;1;13;;;;;0.5;-1.0
39;6500;VEV_6500;0;15;;;;;1;15;;;;;0.5;-1.0
39;6600;VEV_6500;0;12;;;;;1;12;;;;;0.5;-1.0
39;6700;VEV_6500;0;15;;;;;1;15;;;;;0.5;-1.0
39;6800;VEV_6500;0;19;;;;;1;19;;;;;0.5;-1.0
39;6900;VEV_6500;0;18;;;;;1;18;;;;;0.5;-1.0
39;7000;VEV_6500;0;15;;;;;1;15;;;;;0.5;-1.0
39;7100;VEV_6500;0;11;;;;;1;11;;;;;0.5;-1.0
39;7200;VEV_6500;0;10;;;;;1;10;;;;;0.5;-1.0
39;7300;VEV_6500;0;19;;;;;1;19;;;;;0.5;-1.0
39;7400;VEV_6500;0;12;;;;;1;12;;;;;0.5;-1.0
39;7500;VEV_6500;0;17;;;;;1;17;;;;;0.5;-1.0
39;7600;VEV_6500;0;14;;;;;1;14;;;;;0.5;-1.0
39;7700;VEV_6500;0;11;;;;;1;11;;;;;0.5;-1.0
39;7800;VEV_6500;0;23;;;;;1;21;;;;;0.5;-1.0
39;7900;VEV_6500;0;18;;;;;1;18;;;;;0.5;-1.0
39;8000;VEV_6500;0;16;;;;;1;16;;;;;0.5;-1.0
39;8100;VEV_6500;0;18;;;;;1;18;;;;;0.5;-1.0
39;8200;VEV_6500;0;15;;;;;1;15;;;;;0.5;-1.0
39;8300;VEV_6500;0;13;;;;;1;13;;;;;0.5;-1.0
39;8400;VEV_6500;0;17;;;;;1;17;;;;;0.5;-1.0
39;8500;VEV_6500;0;20;;;;;1;20;;;;;0.5;-1.0
39;8600;VEV_6500;0;18;;;;;1;18;;;;;0.5;-1.0
39;8700;VEV_6500;0;12;;;;;1;12;;;;;0.5;-1.0
39;8800;VEV_6500;0;16;;;;;1;16;;;;;0.5;-1.0
39;8900;VEV_6500;0;16;;;;;1;16;;;;;0.5;-1.0
39;9000;VEV_6500;0;16;;;;;1;16;;;;;0.5;-1.0
39;9100;VEV_6500;0;11;;;;;1;11;;;;;0.5;-1.0
39;9200;VEV_6500;0;18;;;;;1;18;;;;;0.5;-1.0
39;9300;VEV_6500;0;15;;;;;1;15;;;;;0.5;-1.0
39;9400;VEV_6500;0;17;;;;;1;17;;;;;0.5;-1.0
39;9500;VEV_6500;0;19;;;;;1;19;;;;;0.5;-1.0
39;9600;VEV_6500;0;19;;;;;1;19;;;;;0.5;-1.0
39;9700;VEV_6500;0;14;;;;;1;14;;;;;0.5;-1.0
39;9800;VEV_6500;0;20;;;;;1;20;;;;;0.5;-1.0
39;9900;VEV_6500;0;11;;;;;1;11;;;;;0.5;-1.0
39;10000;VEV_6500;0;16;;;;;1;16;;;;;0.5;-1.0
39;10100;VEV_6500;0;18;;;;;1;18;;;;;0.5;-1.0
39;10200;VEV_6500;0;13;;;;;1;13;;;;;0.5;-1.0
39;10300;VEV_6500;0;21;;;;;1;21;;;;;0.5;-1.0
39;10400;VEV_6500;0;14;;;;;1;14;;;;;0.5;-1.0
39;10500;VEV_6500;0;16;;;;;1;16;;;;;0.5;-1.0
39;10600;VEV_6500;0;11;;;;;1;11;;;;;0.5;-1.0
39;10700;VEV_6500;0;10;;;;;1;10;;;;;0.5;-1.0
39;10800;VEV_6500;0;12;;;;;1;12;;;;;0.5;-1.0
39;10900;VEV_6500;0;15;;;;;1;15;;;;;0.5;-1.0
39;11000;VEV_6500;0;11;;;;;1;11;;;;;0.5;-1.0
39;11100;VEV_6500;0;16;;;;;1;16;;;;;0.5;-1.0
39;11200;VEV_6500;0;15;;;;;1;15;;;;;0.5;-1.0
39;11300;VEV_6500;0;11;;;;;1;11;;;;;0.5;-1.0
39;11400;VEV_6500;0;12;;;;;1;12;;;;;0.5;-1.0
39;11500;VEV_6500;0;11;;;;;1;11;;;;;0.5;-1.0
39;11600;VEV_6500;0;17;;;;;1;17;;;;;0.5;-1.0
39;11700;VEV_6500;0;15;;;;;1;15;;;;;0.5;-1.0
39;11800;VEV_6500;0;16;;;;;1;16;;;;;0.5;-1.0
39;11900;VEV_6500;0;14;;;;;1;14;;;;;0.5;-1.0
39;12000;VEV_6500;0;18;;;;;1;18;;;;;0.5;-1.0
39;12100;VEV_6500;0;14;;;;;1;14;;;;;0.5;-1.0
39;12200;VEV_6500;0;17;;;;;1;17;;;;;0.5;-1.0
39;12300;VEV_6500;0;12;;;;;1;12;;;;;0.5;-1.0
39;12400;VEV_6500;0;14;;;;;1;14;;;;;0.5;-1.0
39;12500;VEV_6500;0;16;;;;;1;16;;;;;0.5;-1.0
39;12600;VEV_6500;0;15;;;;;1;15;;;;;0.5;-1.0
39;12700;VEV_6500;0;16;;;;;1;16;;;;;0.5;-1.0
39;12800;VEV_6500;0;16;;;;;1;16;;;;;0.5;-1.0
39;12900;VEV_6500;0;14;;;;;1;14;;;;;0.5;-1.0
39;13000;VEV_6500;0;14;;;;;1;14;;;;;0.5;-1.0
39;13100;VEV_6500;0;11;;;;;1;14;;;;;0.5;-1.0
39;13200;VEV_6500;0;14;;;;;1;14;;;;;0.5;-1.0
39;13300;VEV_6500;0;13;;;;;1;13;;;;;0.5;-1.0
39;13400;VEV_6500;0;17;;;;;1;17;;;;;0.5;-1.0
39;13500;VEV_6500;0;14;;;;;1;14;;;;;0.5;-1.0
39;13600;VEV_6500;0;13;;;;;1;13;;;;;0.5;-1.0
39;13700;VEV_6500;0;20;;;;;1;20;;;;;0.5;-1.0
39;13800;VEV_6500;0;17;;;;;1;17;;;;;0.5;-1.0
39;13900;VEV_6500;0;18;;;;;1;18;;;;;0.5;-1.0
39;14000;VEV_6500;0;15;;;;;1;15;;;;;0.5;-1.0
39;14100;VEV_6500;0;17;;;;;1;17;;;;;0.5;-1.0
39;14200;VEV_6500;0;15;;;;;1;15;;;;;0.5;-1.0
39;14300;VEV_6500;0;18;;;;;1;18;;;;;0.5;-1.0
39;14400;VEV_6500;0;17;;;;;1;17;;;;;0.5;-1.0
39;14500;VEV_6500;0;17;;;;;1;17;;;;;0.5;-1.0
39;14600;VEV_6500;0;16;;;;;1;16;;;;;0.5;-1.0
39;14700;VEV_6500;0;13;;;;;1;13;;;;;0.5;-1.0
39;14800;VEV_6500;0;13;;;;;1;13;;;;;0.5;-1.0
39;14900;VEV_6500;0;17;;;;;1;17;;;;;0.5;-1.0
39;15000;VEV_6500;0;18;;;;;1;18;;;;;0.5;-1.0
39;15100;VEV_6500;0;13;;;;;1;13;;;;;0.5;-1.0
39;15200;VEV_6500;0;19;;;;;1;19;;;;;0.5;-1.0
39;15300;VEV_6500;0;18;;;;;1;18;;;;;0.5;-1.0
39;15400;VEV_6500;0;13;;;;;1;13;;;;;0.5;-1.0
39;15500;VEV_6500;0;17;;;;;1;17;;;;;0.5;-1.0
39;15600;VEV_6500;0;14;;;;;1;14;;;;;0.5;-1.0
39;15700;VEV_6500;0;19;;;;;1;19;;;;;0.5;-1.0
39;15800;VEV_6500;0;18;;;;;1;18;;;;;0.5;-1.0
39;15900;VEV_6500;0;14;;;;;1;14;;;;;0.5;-1.0
39;16000;VEV_6500;0;20;;;;;1;20;;;;;0.5;-1.0
39;16100;VEV_6500;0;14;;;;;1;14;;;;;0.5;-1.0
39;16200;VEV_6500;0;19;;;;;1;19;;;;;0.5;-1.0
39;16300;VEV_6500;0;11;;;;;1;11;;;;;0.5;-1.0
39;16400;VEV_6500;0;17;;;;;1;17;;;;;0.5;-1.0
39;16500;VEV_6500;0;17;;;;;1;17;;;;;0.5;-1.0
39;16600;VEV_6500;0;20;;;;;1;20;;;;;0.5;-1.0
39;16700;VEV_6500;0;18;;;;;1;18;;;;;0.5;-1.0
39;16800;VEV_6500;0;15;;;;;1;15;;;;;0.5;-1.0
39;16900;VEV_6500;0;12;;;;;1;12;;;;;0.5;-1.0
39;17000;VEV_6500;0;14;;;;;1;14;;;;;0.5;-1.0
39;17100;VEV_6500;0;13;;;;;1;13;;;;;0.5;-1.0
39;17200;VEV_6500;0;21;;;;;1;21;;;;;0.5;-1.0
39;17300;VEV_6500;0;18;;;;;1;18;;;;;0.5;-1.0
39;17400;VEV_6500;0;20;;;;;1;20;;;;;0.5;-1.0
39;17500;VEV_6500;0;16;;;;;1;16;;;;;0.5;-1.0
39;17600;VEV_6500;0;17;;;;;1;17;;;;;0.5;-1.0
39;17700;VEV_6500;0;16;;;;;1;16;;;;;0.5;-1.0
39;17800;VEV_6500;0;19;;;;;1;19;;;;;0.5;-1.0
39;17900;VEV_6500;0;15;;;;;1;15;;;;;0.5;-1.0
39;18000;VEV_6500;0;11;;;;;1;11;;;;;0.5;-1.0
39;18100;VEV_6500;0;15;;;;;1;15;;;;;0.5;-1.0
39;18200;VEV_6500;0;16;;;;;1;16;;;;;0.5;-1.0
39;18300;VEV_6500;0;14;;;;;1;14;;;;;0.5;-1.0
39;18400;VEV_6500;0;15;;;;;1;15;;;;;0.5;-1.0
39;18500;VEV_6500;0;15;;;;;1;15;;;;;0.5;-1.0
39;18600;VEV_6500;0;18;;;;;1;18;;;;;0.5;-1.0
39;18700;VEV_6500;0;18;;;;;1;18;;;;;0.5;-1.0
39;18800;VEV_6500;0;14;;;;;1;14;;;;;0.5;-1.0
39;18900;VEV_6500;0;17;;;;;1;17;;;;;0.5;-1.0
39;19000;VEV_6500;0;11;;;;;1;11;;;;;0.5;-1.0
39;19100;VEV_6500;0;16;;;;;1;14;;;;;0.5;-1.0
39;19200;VEV_6500;0;14;;;;;1;14;;;;;0.5;-1.0
39;19300;VEV_6500;0;18;;;;;1;18;;;;;0.5;-1.0
39;19400;VEV_6500;0;12;;;;;1;12;;;;;0.5;-1.0
39;19500;VEV_6500;0;17;;;;;1;17;;;;;0.5;-1.0
39;19600;VEV_6500;0;16;;;;;1;16;;;;;0.5;-1.0
39;19700;VEV_6500;0;12;;;;;1;12;;;;;0.5;-1.0
39;19800;VEV_6500;0;20;;;;;1;20;;;;;0.5;-1.0
39;19900;VEV_6500;0;20;;;;;1;20;;;;;0.5;-1.0
39;20000;VEV_6500;0;17;;;;;1;17;;;;;0.5;-1.0
39;20100;VEV_6500;0;16;;;;;1;16;;;;;0.5;-1.0
39;20200;VEV_6500;0;16;;;;;1;16;;;;;0.5;-1.0
39;20300;VEV_6500;0;16;;;;;1;16;;;;;0.5;-1.0
39;20400;VEV_6500;0;16;;;;;1;16;;;;;0.5;-1.0
39;20500;VEV_6500;0;15;;;;;1;15;;;;;0.5;-1.0
39;20600;VEV_6500;0;17;;;;;1;17;;;;;0.5;-1.0
39;20700;VEV_6500;0;19;;;;;1;19;;;;;0.5;-1.0
39;20800;VEV_6500;0;17;;;;;1;17;;;;;0.5;-1.0
39;20900;VEV_6500;0;12;;;;;1;17;;;;;0.5;-1.0
39;21000;VEV_6500;0;15;;;;;1;15;;;;;0.5;-1.0
39;21100;VEV_6500;0;13;;;;;1;13;;;;;0.5;-1.0
39;21200;VEV_6500;0;14;;;;;1;14;;;;;0.5;-1.0
39;21300;VEV_6500;0;10;;;;;1;10;;;;;0.5;-1.0
39;21400;VEV_6500;0;18;;;;;1;18;;;;;0.5;-1.0
39;21500;VEV_6500;0;17;;;;;1;17;;;;;0.5;-1.0
39;21600;VEV_6500;0;18;;;;;1;18;;;;;0.5;-1.0
39;21700;VEV_6500;0;14;;;;;1;14;;;;;0.5;-1.0
39;21800;VEV_6500;0;17;;;;;1;17;;;;;0.5;-1.0
39;21900;VEV_6500;0;17;;;;;1;17;;;;;0.5;-1.0
39;22000;VEV_6500;0;18;;;;;1;18;;;;;0.5;-1.0
39;22100;VEV_6500;0;12;;;;;1;12;;;;;0.5;-1.0
39;22200;VEV_6500;0;15;;;;;1;15;;;;;0.5;-1.0
39;22300;VEV_6500;0;15;;;;;1;15;;;;;0.5;-1.0
39;22400;VEV_6500;0;18;;;;;1;18;;;;;0.5;-1.0
39;22500;VEV_6500;0;12;;;;;1;12;;;;;0.5;-1.0
39;22600;VEV_6500;0;12;;;;;1;12;;;;;0.5;-1.0
39;22700;VEV_6500;0;18;;;;;1;18;;;;;0.5;-1.0
39;22800;VEV_6500;0;19;;;;;1;19;;;;;0.5;-1.0
39;22900;VEV_6500;0;19;;;;;1;19;;;;;0.5;-1.0
39;23000;VEV_6500;0;16;;;;;1;16;;;;;0.5;-1.0
39;23100;VEV_6500;0;18;;;;;1;18;;;;;0.5;-1.0
39;23200;VEV_6500;0;12;;;;;1;12;;;;;0.5;-1.0
39;23300;VEV_6500;0;13;;;;;1;13;;;;;0.5;-1.0
39;23400;VEV_6500;0;17;;;;;1;17;;;;;0.5;-1.0
39;23500;VEV_6500;0;14;;;;;1;16;;;;;0.5;-1.0
39;23600;VEV_6500;0;12;;;;;1;12;;;;;0.5;-1.0
39;23700;VEV_6500;0;12;;;;;1;12;;;;;0.5;-1.0
39;23800;VEV_6500;0;13;;;;;1;13;;;;;0.5;-1.0
39;23900;VEV_6500;0;18;;;;;1;18;;;;;0.5;-1.0
39;24000;VEV_6500;0;16;;;;;1;16;;;;;0.5;-1.0
39;24100;VEV_6500;0;15;;;;;1;15;;;;;0.5;-1.0
39;24200;VEV_6500;0;20;;;;;1;20;;;;;0.5;-1.0
39;24300;VEV_6500;0;16;;;;;1;16;;;;;0.5;-1.0
39;24400;VEV_6500;0;18;;;;;1;18;;;;;0.5;-1.0
39;24500;VEV_6500;0;16;;;;;1;16;;;;;0.5;-1.0
39;24600;VEV_6500;0;22;;;;;1;18;;;;;0.5;-1.0
39;24700;VEV_6500;0;14;;;;;1;14;;;;;0.5;-1.0
39;24800;VEV_6500;0;11;;;;;1;11;;;;;0.5;-1.0
39;24900;VEV_6500;0;15;;;;;1;15;;;;;0.5;-1.0
39;25000;VEV_6500;0;17;;;;;1;17;;;;;0.5;-1.0
39;25100;VEV_6500;0;11;;;;;1;11;;;;;0.5;-1.0
39;25200;VEV_6500;0;13;;;;;1;13;;;;;0.5;-1.0
39;25300;VEV_6500;0;14;;;;;1;14;;;;;0.5;-1.0
39;25400;VEV_6500;0;17;;;;;1;17;;;;;0.5;-1.0
39;25500;VEV_6500;0;18;;;;;1;18;;;;;0.5;-1.0
39;25600;VEV_6500;0;16;;;;;1;16;;;;;0.5;-1.0
39;25700;VEV_6500;0;14;;;;;1;14;;;;;0.5;-1.0
39;25800;VEV_6500;0;17;;;;;1;17;;;;;0.5;-1.0
39;25900;VEV_6500;0;16;;;;;1;16;;;;;0.5;-1.0
39;26000;VEV_6500;0;12;;;;;1;12;;;;;0.5;-1.0
39;26100;VEV_6500;0;13;;;;;1;13;;;;;0.5;-1.0
39;26200;VEV_6500;0;16;;;;;1;16;;;;;0.5;-1.0
39;26300;VEV_6500;0;15;;;;;1;15;;;;;0.5;-1.0
39;26400;VEV_6500;0;13;;;;;1;13;;;;;0.5;-1.0
39;26500;VEV_6500;0;15;;;;;1;15;;;;;0.5;-1.0
39;26600;VEV_6500;0;14;;;;;1;14;;;;;0.5;-1.0
39;26700;VEV_6500;0;12;;;;;1;12;;;;;0.5;-1.0
39;26800;VEV_6500;0;14;;;;;1;14;;;;;0.5;-1.0
39;26900;VEV_6500;0;14;;;;;1;14;;;;;0.5;-1.0
39;27000;VEV_6500;0;11;;;;;1;11;;;;;0.5;-1.0
39;27100;VEV_6500;0;10;;;;;1;10;;;;;0.5;-1.0
39;27200;VEV_6500;0;19;;;;;1;19;;;;;0.5;-1.0
39;27300;VEV_6500;0;16;;;;;1;16;;;;;0.5;-1.0
39;27400;VEV_6500;0;18;;;;;1;18;;;;;0.5;-1.0
39;27500;VEV_6500;0;18;;;;;1;18;;;;;0.5;-1.0
39;27600;VEV_6500;0;11;;;;;1;11;;;;;0.5;-1.0
39;27700;VEV_6500;0;15;;;;;1;15;;;;;0.5;-1.0
39;27800;VEV_6500;0;18;;;;;1;18;;;;;0.5;-1.0
39;27900;VEV_6500;0;14;;;;;1;14;;;;;0.5;-1.0
39;28000;VEV_6500;0;12;;;;;1;12;;;;;0.5;-1.0
39;28100;VEV_6500;0;14;;;;;1;14;;;;;0.5;-1.0
39;28200;VEV_6500;0;16;;;;;1;16;;;;;0.5;-1.0
39;28300;VEV_6500;0;15;;;;;1;15;;;;;0.5;-1.0
39;28400;VEV_6500;0;20;;;;;1;20;;;;;0.5;-1.0
39;28500;VEV_6500;0;14;;;;;1;14;;;;;0.5;-1.0
39;28600;VEV_6500;0;17;;;;;1;17;;;;;0.5;-1.0
39;28700;VEV_6500;0;12;;;;;1;12;;;;;0.5;-1.0
39;28800;VEV_6500;0;21;;;;;1;21;;;;;0.5;-1.0
39;28900;VEV_6500;0;18;;;;;1;18;;;;;0.5;-1.0
39;29000;VEV_6500;0;19;;;;;1;19;;;;;0.5;-1.0
39;29100;VEV_6500;0;11;;;;;1;11;;;;;0.5;-1.0
39;29200;VEV_6500;0;13;;;;;1;13;;;;;0.5;-1.0
39;29300;VEV_6500;0;14;;;;;1;14;;;;;0.5;-1.0
39;29400;VEV_6500;0;18;;;;;1;18;;;;;0.5;-1.0
39;29500;VEV_6500;0;18;;;;;1;20;;;;;0.5;-1.0
39;29600;VEV_6500;0;15;;;;;1;15;;;;;0.5;-1.0
39;29700;VEV_6500;0;21;;;;;1;21;;;;;0.5;-1.0
39;29800;VEV_6500;0;17;;;;;1;17;;;;;0.5;-1.0
39;29900;VEV_6500;0;21;;;;;1;21;;;;;0.5;-1.0
39;30000;VEV_6500;0;15;;;;;1;15;;;;;0.5;-1.0
39;30100;VEV_6500;0;15;;;;;1;15;;;;;0.5;-1.0
39;30200;VEV_6500;0;15;;;;;1;15;;;;;0.5;-1.0
39;30300;VEV_6500;0;20;;;;;1;16;;;;;0.5;-1.0
39;30400;VEV_6500;0;16;;;;;1;16;;;;;0.5;-1.0
39;30500;VEV_6500;0;16;;;;;1;16;;;;;0.5;-1.0
39;30600;VEV_6500;0;16;;;;;1;16;;;;;0.5;-1.0
39;30700;VEV_6500;0;14;;;;;1;14;;;;;0.5;-1.0
39;30800;VEV_6500;0;16;;;;;1;16;;;;;0.5;-1.0
39;30900;VEV_6500;0;14;;;;;1;14;;;;;0.5;-1.0
39;31000;VEV_6500;0;16;;;;;1;16;;;;;0.5;-1.0
39;31100;VEV_6500;0;14;;;;;1;14;;;;;0.5;-1.0
39;31200;VEV_6500;0;21;;;;;1;21;;;;;0.5;-1.0
39;31300;VEV_6500;0;14;;;;;1;14;;;;;0.5;-1.0
39;31400;VEV_6500;0;14;;;;;1;14;;;;;0.5;-1.0
39;31500;VEV_6500;0;21;;;;;1;21;;;;;0.5;-1.0
39;31600;VEV_6500;0;14;;;;;1;14;;;;;0.5;-1.0
39;31700;VEV_6500;0;12;;;;;1;12;;;;;0.5;-1.0
39;31800;VEV_6500;0;10;;;;;1;10;;;;;0.5;-1.0
39;31900;VEV_6500;0;11;;;;;1;11;;;;;0.5;-1.0
39;32000;VEV_6500;0;12;;;;;1;12;;;;;0.5;-1.0
39;32100;VEV_6500;0;18;;;;;1;18;;;;;0.5;-1.0
39;32200;VEV_6500;0;14;;;;;1;14;;;;;0.5;-1.0
39;32300;VEV_6500;0;12;;;;;1;12;;;;;0.5;-1.0
39;32400;VEV_6500;0;14;;;;;1;14;;;;;0.5;-1.0
39;32500;VEV_6500;0;17;;;;;1;17;;;;;0.5;-1.0
39;32600;VEV_6500;0;15;;;;;1;15;;;;;0.5;-1.0
39;32700;VEV_6500;0;13;;;;;1;13;;;;;0.5;-1.0
39;32800;VEV_6500;0;18;;;;;1;18;;;;;0.5;-1.0
39;32900;VEV_6500;0;16;;;;;1;16;;;;;0.5;-1.0
39;33000;VEV_6500;0;17;;;;;1;17;;;;;0.5;-1.0
39;33100;VEV_6500;0;13;;;;;1;13;;;;;0.5;-1.0
39;33200;VEV_6500;0;14;;;;;1;14;;;;;0.5;-1.0
39;33300;VEV_6500;0;19;;;;;1;19;;;;;0.5;-1.0
39;33400;VEV_6500;0;11;;;;;1;11;;;;;0.5;-1.0
39;33500;VEV_6500;0;16;;;;;1;16;;;;;0.5;-1.0
39;33600;VEV_6500;0;13;;;;;1;13;;;;;0.5;-1.0
39;33700;VEV_6500;0;13;;;;;1;13;;;;;0.5;-1.0
39;33800;VEV_6500;0;14;;;;;1;14;;;;;0.5;-1.0
39;33900;VEV_6500;0;20;;;;;1;20;;;;;0.5;-1.0
39;34000;VEV_6500;0;12;;;;;1;12;;;;;0.5;-1.0
39;34100;VEV_6500;0;20;;;;;1;20;;;;;0.5;-1.0
39;34200;VEV_6500;0;15;;;;;1;15;;;;;0.5;-1.0
39;34300;VEV_6500;0;15;;;;;1;15;;;;;0.5;-1.0
39;34400;VEV_6500;0;11;;;;;1;11;;;;;0.5;-1.0
39;34500;VEV_6500;0;17;;;;;1;17;;;;;0.5;-1.0
39;34600;VEV_6500;0;17;;;;;1;17;;;;;0.5;-1.0
39;34700;VEV_6500;0;16;;;;;1;16;;;;;0.5;-1.0
39;34800;VEV_6500;0;14;;;;;1;14;;;;;0.5;-1.0
39;34900;VEV_6500;0;13;;;;;1;13;;;;;0.5;-1.0
39;35000;VEV_6500;0;17;;;;;1;17;;;;;0.5;-1.0
39;35100;VEV_6500;0;20;;;;;1;20;;;;;0.5;-1.0
39;35200;VEV_6500;0;19;;;;;1;17;;;;;0.5;-1.0
39;35300;VEV_6500;0;13;;;;;1;13;;;;;0.5;-1.0
39;35400;VEV_6500;0;15;;;;;1;15;;;;;0.5;-1.0
39;35500;VEV_6500;0;16;;;;;1;16;;;;;0.5;-1.0
39;35600;VEV_6500;0;11;;;;;1;11;;;;;0.5;-1.0
39;35700;VEV_6500;0;16;;;;;1;16;;;;;0.5;-1.0
39;35800;VEV_6500;0;18;;;;;1;18;;;;;0.5;-1.0
39;35900;VEV_6500;0;13;;;;;1;13;;;;;0.5;-1.0
39;36000;VEV_6500;0;12;;;;;1;12;;;;;0.5;-1.0
39;36100;VEV_6500;0;21;;;;;1;21;;;;;0.5;-1.0
39;36200;VEV_6500;0;11;;;;;1;11;;;;;0.5;-1.0
39;36300;VEV_6500;0;20;;;;;1;20;;;;;0.5;-1.0
39;36400;VEV_6500;0;15;;;;;1;15;;;;;0.5;-1.0
39;36500;VEV_6500;0;18;;;;;1;18;;;;;0.5;-1.0
39;36600;VEV_6500;0;14;;;;;1;14;;;;;0.5;-1.0
39;36700;VEV_6500;0;15;;;;;1;15;;;;;0.5;-1.0
39;36800;VEV_6500;0;18;;;;;1;18;;;;;0.5;-1.0
39;36900;VEV_6500;0;18;;;;;1;18;;;;;0.5;-1.0
39;37000;VEV_6500;0;17;;;;;1;17;;;;;0.5;-1.0
39;37100;VEV_6500;0;19;;;;;1;19;;;;;0.5;-1.0
39;37200;VEV_6500;0;14;;;;;1;14;;;;;0.5;-1.0
39;37300;VEV_6500;0;11;;;;;1;11;;;;;0.5;-1.0
39;37400;VEV_6500;0;15;;;;;1;15;;;;;0.5;-1.0
39;37500;VEV_6500;0;15;;;;;1;15;;;;;0.5;-1.0
39;37600;VEV_6500;0;17;;;;;1;17;;;;;0.5;-1.0
39;37700;VEV_6500;0;15;;;;;1;15;;;;;0.5;-1.0
39;37800;VEV_6500;0;16;;;;;1;16;;;;;0.5;-1.0
39;37900;VEV_6500;0;15;;;;;1;15;;;;;0.5;-1.0
39;38000;VEV_6500;0;11;;;;;1;11;;;;;0.5;-1.0
39;38100;VEV_6500;0;12;;;;;1;12;;;;;0.5;-1.0
39;38200;VEV_6500;0;14;;;;;1;14;;;;;0.5;-1.0
39;38300;VEV_6500;0;18;;;;;1;18;;;;;0.5;-1.0
39;38400;VEV_6500;0;18;;;;;1;18;;;;;0.5;-1.0
39;38500;VEV_6500;0;17;;;;;1;17;;;;;0.5;-1.0
39;38600;VEV_6500;0;13;;;;;1;13;;;;;0.5;-1.0
39;38700;VEV_6500;0;17;;;;;1;17;;;;;0.5;-1.0
39;38800;VEV_6500;0;19;;;;;1;19;;;;;0.5;-1.0
39;38900;VEV_6500;0;19;;;;;1;19;;;;;0.5;-1.0
39;39000;VEV_6500;0;17;;;;;1;17;;;;;0.5;-1.0
39;39100;VEV_6500;0;20;;;;;1;20;;;;;0.5;-1.0
39;39200;VEV_6500;0;14;;;;;1;14;;;;;0.5;-1.0
39;39300;VEV_6500;0;14;;;;;1;11;;;;;0.5;-1.0
39;39400;VEV_6500;0;14;;;;;1;14;;;;;0.5;-1.0
39;39500;VEV_6500;0;12;;;;;1;12;;;;;0.5;-1.0
39;39600;VEV_6500;0;20;;;;;1;20;;;;;0.5;-1.0
39;39700;VEV_6500;0;10;;;;;1;10;;;;;0.5;-1.0
39;39800;VEV_6500;0;24;;;;;1;19;;;;;0.5;-1.0
39;39900;VEV_6500;0;13;;;;;1;13;;;;;0.5;-1.0
39;40000;VEV_6500;0;13;;;;;1;13;;;;;0.5;-1.0
39;40100;VEV_6500;0;13;;;;;1;13;;;;;0.5;-1.0
39;40200;VEV_6500;0;17;;;;;1;17;;;;;0.5;-1.0
39;40300;VEV_6500;0;18;;;;;1;18;;;;;0.5;-1.0
39;40400;VEV_6500;0;10;;;;;1;10;;;;;0.5;-1.0
39;40500;VEV_6500;0;10;;;;;1;10;;;;;0.5;-1.0
39;40600;VEV_6500;0;15;;;;;1;15;;;;;0.5;-1.0
39;40700;VEV_6500;0;13;;;;;1;13;;;;;0.5;-1.0
39;40800;VEV_6500;0;17;;;;;1;17;;;;;0.5;-1.0
39;40900;VEV_6500;0;15;;;;;1;15;;;;;0.5;-1.0
39;41000;VEV_6500;0;16;;;;;1;16;;;;;0.5;-1.0
39;41100;VEV_6500;0;16;;;;;1;16;;;;;0.5;-1.0
39;41200;VEV_6500;0;12;;;;;1;12;;;;;0.5;-1.0
39;41300;VEV_6500;0;11;;;;;1;11;;;;;0.5;-1.0
39;41400;VEV_6500;0;18;;;;;1;18;;;;;0.5;-1.0
39;41500;VEV_6500;0;15;;;;;1;15;;;;;0.5;-1.0
39;41600;VEV_6500;0;14;;;;;1;14;;;;;0.5;-1.0
39;41700;VEV_6500;0;16;;;;;1;16;;;;;0.5;-1.0
39;41800;VEV_6500;0;19;;;;;1;19;;;;;0.5;-1.0
39;41900;VEV_6500;0;15;;;;;1;17;;;;;0.5;-1.0
39;42000;VEV_6500;0;17;;;;;1;17;;;;;0.5;-1.0
39;42100;VEV_6500;0;17;;;;;1;17;;;;;0.5;-1.0
39;42200;VEV_6500;0;16;;;;;1;16;;;;;0.5;-1.0
39;42300;VEV_6500;0;16;;;;;1;16;;;;;0.5;-1.0
39;42400;VEV_6500;0;16;;;;;1;16;;;;;0.5;-1.0
39;42500;VEV_6500;0;14;;;;;1;14;;;;;0.5;-1.0
39;42600;VEV_6500;0;16;;;;;1;16;;;;;0.5;-1.0
39;42700;VEV_6500;0;15;;;;;1;15;;;;;0.5;-1.0
39;42800;VEV_6500;0;15;;;;;1;15;;;;;0.5;-1.0
39;42900;VEV_6500;0;16;;;;;1;20;;;;;0.5;-1.0
39;43000;VEV_6500;0;18;;;;;1;18;;;;;0.5;-1.0
39;43100;VEV_6500;0;17;;;;;1;17;;;;;0.5;-1.0
39;43200;VEV_6500;0;15;;;;;1;15;;;;;0.5;-1.0
39;43300;VEV_6500;0;17;;;;;1;17;;;;;0.5;-1.0
39;43400;VEV_6500;0;20;;;;;1;20;;;;;0.5;-1.0
39;43500;VEV_6500;0;13;;;;;1;13;;;;;0.5;-1.0
39;43600;VEV_6500;0;17;;;;;1;17;;;;;0.5;-1.0
39;43700;VEV_6500;0;18;;;;;1;18;;;;;0.5;-1.0
39;43800;VEV_6500;0;17;;;;;1;17;;;;;0.5;-1.0
39;43900;VEV_6500;0;10;;;;;1;10;;;;;0.5;-1.0
39;44000;VEV_6500;0;16;;;;;1;16;;;;;0.5;-1.0
39;44100;VEV_6500;0;15;;;;;1;15;;;;;0.5;-1.0
39;44200;VEV_6500;0;11;;;;;1;11;;;;;0.5;-1.0
39;44300;VEV_6500;0;18;;;;;1;18;;;;;0.5;-1.0
39;44400;VEV_6500;0;15;;;;;1;15;;;;;0.5;-1.0
39;44500;VEV_6500;0;12;;;;;1;12;;;;;0.5;-1.0
39;44600;VEV_6500;0;10;;;;;1;10;;;;;0.5;-1.0
39;44700;VEV_6500;0;18;;;;;1;18;;;;;0.5;-1.0
39;44800;VEV_6500;0;14;;;;;1;14;;;;;0.5;-1.0
39;44900;VEV_6500;0;14;;;;;1;14;;;;;0.5;-1.0
39;45000;VEV_6500;0;18;;;;;1;18;;;;;0.5;-1.0
39;45100;VEV_6500;0;13;;;;;1;18;;;;;0.5;-1.0
39;45200;VEV_6500;0;18;;;;;1;18;;;;;0.5;-1.0
39;45300;VEV_6500;0;17;;;;;1;17;;;;;0.5;-1.0
39;45400;VEV_6500;0;17;;;;;1;17;;;;;0.5;-1.0
39;45500;VEV_6500;0;20;;;;;1;20;;;;;0.5;-1.0
39;45600;VEV_6500;0;17;;;;;1;17;;;;;0.5;-1.0
39;45700;VEV_6500;0;14;;;;;1;14;;;;;0.5;-1.0
39;45800;VEV_6500;0;17;;;;;1;17;;;;;0.5;-1.0
39;45900;VEV_6500;0;15;;;;;1;15;;;;;0.5;-1.0
39;46000;VEV_6500;0;12;;;;;1;12;;;;;0.5;-1.0
39;46100;VEV_6500;0;12;;;;;1;12;;;;;0.5;-1.0
39;46200;VEV_6500;0;14;;;;;1;14;;;;;0.5;-1.0
39;46300;VEV_6500;0;18;;;;;1;18;;;;;0.5;-1.0
39;46400;VEV_6500;0;17;;;;;1;17;;;;;0.5;-1.0
39;46500;VEV_6500;0;15;;;;;1;15;;;;;0.5;-1.0
39;46600;VEV_6500;0;20;;;;;1;20;;;;;0.5;-1.0
39;46700;VEV_6500;0;10;;;;;1;10;;;;;0.5;-1.0
39;46800;VEV_6500;0;14;;;;;1;14;;;;;0.5;-1.0
39;46900;VEV_6500;0;16;;;;;1;16;;;;;0.5;-1.0
39;47000;VEV_6500;0;16;;;;;1;16;;;;;0.5;-1.0
39;47100;VEV_6500;0;11;;;;;1;11;;;;;0.5;-1.0
39;47200;VEV_6500;0;15;;;;;1;15;;;;;0.5;-1.0
39;47300;VEV_6500;0;15;;;;;1;15;;;;;0.5;-1.0
39;47400;VEV_6500;0;17;;;;;1;17;;;;;0.5;-1.0
39;47500;VEV_6500;0;20;;;;;1;20;;;;;0.5;-1.0
39;47600;VEV_6500;0;18;;;;;1;18;;;;;0.5;-1.0
39;47700;VEV_6500;0;19;;;;;1;19;;;;;0.5;-1.0
39;47800;VEV_6500;0;17;;;;;1;17;;;;;0.5;-1.0
39;47900;VEV_6500;0;17;;;;;1;17;;;;;0.5;-1.0
39;48000;VEV_6500;0;13;;;;;1;13;;;;;0.5;-1.0
39;48100;VEV_6500;0;14;;;;;1;14;;;;;0.5;-1.0
39;48200;VEV_6500;0;13;;;;;1;13;;;;;0.5;-1.0
39;48300;VEV_6500;0;14;;;;;1;14;;;;;0.5;-1.0
39;48400;VEV_6500;0;14;;;;;1;14;;;;;0.5;-1.0
39;48500;VEV_6500;0;10;;;;;1;10;;;;;0.5;-1.0
39;48600;VEV_6500;0;19;;;;;1;19;;;;;0.5;-1.0
39;48700;VEV_6500;0;11;;;;;1;11;;;;;0.5;-1.0
39;48800;VEV_6500;0;11;;;;;1;11;;;;;0.5;-1.0
39;48900;VEV_6500;0;11;;;;;1;11;;;;;0.5;-1.0
39;49000;VEV_6500;0;11;;;;;1;11;;;;;0.5;-1.0
39;49100;VEV_6500;0;19;;;;;1;19;;;;;0.5;-1.0
39;49200;VEV_6500;0;18;;;;;1;18;;;;;0.5;-1.0
39;49300;VEV_6500;0;17;;;;;1;17;;;;;0.5;-1.0
39;49400;VEV_6500;0;15;;;;;1;15;;;;;0.5;-1.0
39;49500;VEV_6500;0;12;;;;;1;12;;;;;0.5;-1.0
39;49600;VEV_6500;0;18;;;;;1;18;;;;;0.5;-1.0
39;49700;VEV_6500;0;14;;;;;1;14;;;;;0.5;-1.0
39;49800;VEV_6500;0;14;;;;;1;14;;;;;0.5;-1.0
39;49900;VEV_6500;0;17;;;;;1;17;;;;;0.5;-1.0
39;50000;VEV_6500;0;14;;;;;1;14;;;;;0.5;-1.0
39;50100;VEV_6500;0;17;;;;;1;17;;;;;0.5;-1.0
39;50200;VEV_6500;0;18;;;;;1;18;;;;;0.5;-1.0
39;50300;VEV_6500;0;16;;;;;1;16;;;;;0.5;-1.0
39;50400;VEV_6500;0;15;;;;;1;15;;;;;0.5;-1.0
39;50500;VEV_6500;0;17;;;;;1;17;;;;;0.5;-1.0
39;50600;VEV_6500;0;19;;;;;1;19;;;;;0.5;-1.0
39;50700;VEV_6500;0;17;;;;;1;17;;;;;0.5;-1.0
39;50800;VEV_6500;0;14;;;;;1;14;;;;;0.5;-1.0
39;50900;VEV_6500;0;19;;;;;1;19;;;;;0.5;-1.0
39;51000;VEV_6500;0;15;;;;;1;15;;;;;0.5;-1.0
39;51100;VEV_6500;0;21;;;;;1;21;;;;;0.5;-1.0
39;51200;VEV_6500;0;16;;;;;1;16;;;;;0.5;-1.0
39;51300;VEV_6500;0;12;;;;;1;12;;;;;0.5;-1.0
39;51400;VEV_6500;0;13;;;;;1;13;;;;;0.5;-1.0
39;51500;VEV_6500;0;12;;;;;1;12;;;;;0.5;-1.0
39;51600;VEV_6500;0;16;;;;;1;16;;;;;0.5;-1.0
39;51700;VEV_6500;0;21;;;;;1;21;;;;;0.5;-1.0
39;51800;VEV_6500;0;18;;;;;1;18;;;;;0.5;-1.0
39;51900;VEV_6500;0;14;;;;;1;14;;;;;0.5;-1.0
39;52000;VEV_6500;0;13;;;;;1;13;;;;;0.5;-1.0
39;52100;VEV_6500;0;18;;;;;1;18;;;;;0.5;-1.0
39;52200;VEV_6500;0;19;;;;;1;19;;;;;0.5;-1.0
39;52300;VEV_6500;0;14;;;;;1;14;;;;;0.5;-1.0
39;52400;VEV_6500;0;20;;;;;1;20;;;;;0.5;-1.0
39;52500;VEV_6500;0;13;;;;;1;13;;;;;0.5;-1.0
39;52600;VEV_6500;0;20;;;;;1;20;;;;;0.5;-1.0
39;52700;VEV_6500;0;15;;;;;1;15;;;;;0.5;-1.0
39;52800;VEV_6500;0;15;;;;;1;15;;;;;0.5;-1.0
39;52900;VEV_6500;0;7;;;;;1;12;;;;;0.5;-1.0
39;53000;VEV_6500;0;12;;;;;1;12;;;;;0.5;-1.0
39;53100;VEV_6500;0;12;;;;;1;12;;;;;0.5;-1.0
39;53200;VEV_6500;0;13;;;;;1;13;;;;;0.5;-1.0
39;53300;VEV_6500;0;14;;;;;1;14;;;;;0.5;-1.0
39;53400;VEV_6500;0;16;;;;;1;16;;;;;0.5;-1.0
39;53500;VEV_6500;0;15;;;;;1;15;;;;;0.5;-1.0
39;53600;VEV_6500;0;17;;;;;1;17;;;;;0.5;-1.0
39;53700;VEV_6500;0;12;;;;;1;12;;;;;0.5;-1.0
39;53800;VEV_6500;0;18;;;;;1;18;;;;;0.5;-1.0
39;53900;VEV_6500;0;18;;;;;1;18;;;;;0.5;-1.0
39;54000;VEV_6500;0;19;;;;;1;19;;;;;0.5;-1.0
39;54100;VEV_6500;0;17;;;;;1;17;;;;;0.5;-1.0
39;54200;VEV_6500;0;12;;;;;1;12;;;;;0.5;-1.0
39;54300;VEV_6500;0;18;;;;;1;18;;;;;0.5;-1.0
39;54400;VEV_6500;0;16;;;;;1;16;;;;;0.5;-1.0
39;54500;VEV_6500;0;15;;;;;1;15;;;;;0.5;-1.0
39;54600;VEV_6500;0;18;;;;;1;18;;;;;0.5;-1.0
39;54700;VEV_6500;0;15;;;;;1;15;;;;;0.5;-1.0
39;54800;VEV_6500;0;19;;;;;1;19;;;;;0.5;-1.0
39;54900;VEV_6500;0;15;;;;;1;15;;;;;0.5;-1.0
39;55000;VEV_6500;0;14;;;;;1;14;;;;;0.5;-1.0
39;55100;VEV_6500;0;18;;;;;1;18;;;;;0.5;-1.0
39;55200;VEV_6500;0;16;;;;;1;16;;;;;0.5;-1.0
39;55300;VEV_6500;0;13;;;;;1;13;;;;;0.5;-1.0
39;55400;VEV_6500;0;13;;;;;1;13;;;;;0.5;-1.0
39;55500;VEV_6500;0;17;;;;;1;17;;;;;0.5;-1.0
39;55600;VEV_6500;0;16;;;;;1;16;;;;;0.5;-1.0
39;55700;VEV_6500;0;18;;;;;1;18;;;;;0.5;-1.0
39;55800;VEV_6500;0;14;;;;;1;14;;;;;0.5;-1.0
39;55900;VEV_6500;0;11;;;;;1;11;;;;;0.5;-1.0
39;56000;VEV_6500;0;20;;;;;1;20;;;;;0.5;-1.0
39;56100;VEV_6500;0;14;;;;;1;14;;;;;0.5;-1.0
39;56200;VEV_6500;0;17;;;;;1;17;;;;;0.5;-1.0
39;56300;VEV_6500;0;13;;;;;1;13;;;;;0.5;-1.0
39;56400;VEV_6500;0;16;;;;;1;16;;;;;0.5;-1.0
39;56500;VEV_6500;0;17;;;;;1;17;;;;;0.5;-1.0
39;56600;VEV_6500;0;12;;;;;1;12;;;;;0.5;-1.0
39;56700;VEV_6500;0;15;;;;;1;15;;;;;0.5;-1.0
39;56800;VEV_6500;0;11;;;;;1;11;;;;;0.5;-1.0
39;56900;VEV_6500;0;17;;;;;1;17;;;;;0.5;-1.0
39;57000;VEV_6500;0;11;;;;;1;11;;;;;0.5;-1.0
39;57100;VEV_6500;0;12;;;;;1;12;;;;;0.5;-1.0
39;57200;VEV_6500;0;15;;;;;1;15;;;;;0.5;-1.0
39;57300;VEV_6500;0;15;;;;;1;15;;;;;0.5;-1.0
39;57400;VEV_6500;0;11;;;;;1;11;;;;;0.5;-1.0
39;57500;VEV_6500;0;13;;;;;1;13;;;;;0.5;-1.0
39;57600;VEV_6500;0;17;;;;;1;17;;;;;0.5;-1.0
39;57700;VEV_6500;0;15;;;;;1;15;;;;;0.5;-1.0
39;57800;VEV_6500;0;17;;;;;1;17;;;;;0.5;-1.0
39;57900;VEV_6500;0;18;;;;;1;18;;;;;0.5;-1.0
39;58000;VEV_6500;0;19;;;;;1;19;;;;;0.5;-1.0
39;58100;VEV_6500;0;17;;;;;1;17;;;;;0.5;-1.0
39;58200;VEV_6500;0;14;;;;;1;14;;;;;0.5;-1.0
39;58300;VEV_6500;0;15;;;;;1;15;;;;;0.5;-1.0
39;58400;VEV_6500;0;19;;;;;1;19;;;;;0.5;-1.0
39;58500;VEV_6500;0;19;;;;;1;19;;;;;0.5;-1.0
39;58600;VEV_6500;0;14;;;;;1;14;;;;;0.5;-1.0
39;58700;VEV_6500;0;12;;;;;1;12;;;;;0.5;-1.0
39;58800;VEV_6500;0;17;;;;;1;17;;;;;0.5;-1.0
39;58900;VEV_6500;0;12;;;;;1;12;;;;;0.5;-1.0
39;59000;VEV_6500;0;13;;;;;1;13;;;;;0.5;-1.0
39;59100;VEV_6500;0;19;;;;;1;19;;;;;0.5;-1.0
39;59200;VEV_6500;0;17;;;;;1;17;;;;;0.5;-1.0
39;59300;VEV_6500;0;14;;;;;1;14;;;;;0.5;-1.0
39;59400;VEV_6500;0;19;;;;;1;19;;;;;0.5;-1.0
39;59500;VEV_6500;0;18;;;;;1;18;;;;;0.5;-1.0
39;59600;VEV_6500;0;16;;;;;1;16;;;;;0.5;-1.0
39;59700;VEV_6500;0;15;;;;;1;15;;;;;0.5;-1.0
39;59800;VEV_6500;0;13;;;;;1;13;;;;;0.5;-1.0
39;59900;VEV_6500;0;19;;;;;1;19;;;;;0.5;-1.0
39;60000;VEV_6500;0;14;;;;;1;14;;;;;0.5;-1.0
39;60100;VEV_6500;0;10;;;;;1;10;;;;;0.5;-1.0
39;60200;VEV_6500;0;17;;;;;1;17;;;;;0.5;-1.0
39;60300;VEV_6500;0;19;;;;;1;19;;;;;0.5;-1.0
39;60400;VEV_6500;0;16;;;;;1;16;;;;;0.5;-1.0
39;60500;VEV_6500;0;13;;;;;1;13;;;;;0.5;-1.0
39;60600;VEV_6500;0;14;;;;;1;14;;;;;0.5;-1.0
39;60700;VEV_6500;0;15;;;;;1;15;;;;;0.5;-1.0
39;60800;VEV_6500;0;16;;;;;1;16;;;;;0.5;-1.0
39;60900;VEV_6500;0;18;;;;;1;18;;;;;0.5;-1.0
39;61000;VEV_6500;0;18;;;;;1;18;;;;;0.5;-1.0
39;61100;VEV_6500;0;14;;;;;1;14;;;;;0.5;-1.0
39;61200;VEV_6500;0;16;;;;;1;16;;;;;0.5;-1.0
39;61300;VEV_6500;0;14;;;;;1;14;;;;;0.5;-1.0
39;61400;VEV_6500;0;18;;;;;1;15;;;;;0.5;-1.0
39;61500;VEV_6500;0;19;;;;;1;19;;;;;0.5;-1.0
39;61600;VEV_6500;0;15;;;;;1;15;;;;;0.5;-1.0
39;61700;VEV_6500;0;20;;;;;1;20;;;;;0.5;-1.0
39;61800;VEV_6500;0;18;;;;;1;18;;;;;0.5;-1.0
39;61900;VEV_6500;0;14;;;;;1;14;;;;;0.5;-1.0
39;62000;VEV_6500;0;13;;;;;1;13;;;;;0.5;-1.0
39;62100;VEV_6500;0;18;;;;;1;18;;;;;0.5;-1.0
39;62200;VEV_6500;0;16;;;;;1;16;;;;;0.5;-1.0
39;62300;VEV_6500;0;15;;;;;1;15;;;;;0.5;-1.0
39;62400;VEV_6500;0;14;;;;;1;14;;;;;0.5;-1.0
39;62500;VEV_6500;0;17;;;;;1;17;;;;;0.5;-1.0
39;62600;VEV_6500;0;13;;;;;1;13;;;;;0.5;-1.0
39;62700;VEV_6500;0;13;;;;;1;13;;;;;0.5;-1.0
39;62800;VEV_6500;0;16;;;;;1;16;;;;;0.5;-1.0
39;62900;VEV_6500;0;13;;;;;1;13;;;;;0.5;-1.0
39;63000;VEV_6500;0;14;;;;;1;14;;;;;0.5;-1.0
39;63100;VEV_6500;0;13;;;;;1;13;;;;;0.5;-1.0
39;63200;VEV_6500;0;21;;;;;1;21;;;;;0.5;-1.0
39;63300;VEV_6500;0;16;;;;;1;16;;;;;0.5;-1.0
39;63400;VEV_6500;0;14;;;;;1;14;;;;;0.5;-1.0
39;63500;VEV_6500;0;15;;;;;1;15;;;;;0.5;-1.0
39;63600;VEV_6500;0;12;;;;;1;12;;;;;0.5;-1.0
39;63700;VEV_6500;0;11;;;;;1;11;;;;;0.5;-1.0
39;63800;VEV_6500;0;15;;;;;1;15;;;;;0.5;-1.0
39;63900;VEV_6500;0;15;;;;;1;15;;;;;0.5;-1.0
39;64000;VEV_6500;0;12;;;;;1;12;;;;;0.5;-1.0
39;64100;VEV_6500;0;13;;;;;1;13;;;;;0.5;-1.0
39;64200;VEV_6500;0;17;;;;;1;17;;;;;0.5;-1.0
39;64300;VEV_6500;0;14;;;;;1;14;;;;;0.5;-1.0
39;64400;VEV_6500;0;15;;;;;1;15;;;;;0.5;-1.0
39;64500;VEV_6500;0;17;;;;;1;17;;;;;0.5;-1.0
39;64600;VEV_6500;0;18;;;;;1;18;;;;;0.5;-1.0
39;64700;VEV_6500;0;18;;;;;1;18;;;;;0.5;-1.0
39;64800;VEV_6500;0;16;;;;;1;16;;;;;0.5;-1.0
39;64900;VEV_6500;0;21;;;;;1;21;;;;;0.5;-1.0
39;65000;VEV_6500;0;16;;;;;1;16;;;;;0.5;-1.0
39;65100;VEV_6500;0;18;;;;;1;18;;;;;0.5;-1.0
39;65200;VEV_6500;0;18;;;;;1;18;;;;;0.5;-1.0
39;65300;VEV_6500;0;25;;;;;1;20;;;;;0.5;-1.0
39;65400;VEV_6500;0;17;;;;;1;17;;;;;0.5;-1.0
39;65500;VEV_6500;0;19;;;;;1;19;;;;;0.5;-1.0
39;65600;VEV_6500;0;17;;;;;1;17;;;;;0.5;-1.0
39;65700;VEV_6500;0;17;;;;;1;17;;;;;0.5;-1.0
39;65800;VEV_6500;0;19;;;;;1;19;;;;;0.5;-1.0
39;65900;VEV_6500;0;12;;;;;1;12;;;;;0.5;-1.0
39;66000;VEV_6500;0;14;;;;;1;14;;;;;0.5;-1.0
39;66100;VEV_6500;0;11;;;;;1;11;;;;;0.5;-1.0
39;66200;VEV_6500;0;18;;;;;1;18;;;;;0.5;-1.0
39;66300;VEV_6500;0;15;;;;;1;15;;;;;0.5;-1.0
39;66400;VEV_6500;0;15;;;;;1;15;;;;;0.5;-1.0
39;66500;VEV_6500;0;14;;;;;1;14;;;;;0.5;-1.0
39;66600;VEV_6500;0;16;;;;;1;16;;;;;0.5;-1.0
39;66700;VEV_6500;0;13;;;;;1;13;;;;;0.5;-1.0
39;66800;VEV_6500;0;18;;;;;1;18;;;;;0.5;-1.0
39;66900;VEV_6500;0;18;;;;;1;18;;;;;0.5;-1.0
39;67000;VEV_6500;0;14;;;;;1;14;;;;;0.5;-1.0
39;67100;VEV_6500;0;16;;;;;1;16;;;;;0.5;-1.0
39;67200;VEV_6500;0;18;;;;;1;18;;;;;0.5;-1.0
39;67300;VEV_6500;0;16;;;;;1;16;;;;;0.5;-1.0
39;67400;VEV_6500;0;21;;;;;1;21;;;;;0.5;-1.0
39;67500;VEV_6500;0;16;;;;;1;16;;;;;0.5;-1.0
39;67600;VEV_6500;0;13;;;;;1;13;;;;;0.5;-1.0
39;67700;VEV_6500;0;21;;;;;1;21;;;;;0.5;-1.0
39;67800;VEV_6500;0;14;;;;;1;14;;;;;0.5;-1.0
39;67900;VEV_6500;0;19;;;;;1;19;;;;;0.5;-1.0
39;68000;VEV_6500;0;17;;;;;1;17;;;;;0.5;-1.0
39;68100;VEV_6500;0;19;;;;;1;19;;;;;0.5;-1.0
39;68200;VEV_6500;0;11;;;;;1;11;;;;;0.5;-1.0
39;68300;VEV_6500;0;15;;;;;1;15;;;;;0.5;-1.0
39;68400;VEV_6500;0;16;;;;;1;16;;;;;0.5;-1.0
39;68500;VEV_6500;0;14;;;;;1;14;;;;;0.5;-1.0
39;68600;VEV_6500;0;14;;;;;1;14;;;;;0.5;-1.0
39;68700;VEV_6500;0;14;;;;;1;14;;;;;0.5;-1.0
39;68800;VEV_6500;0;14;;;;;1;14;;;;;0.5;-1.0
39;68900;VEV_6500;0;12;;;;;1;12;;;;;0.5;-1.0
39;69000;VEV_6500;0;13;;;;;1;13;;;;;0.5;-1.0
39;69100;VEV_6500;0;12;;;;;1;12;;;;;0.5;-1.0
39;69200;VEV_6500;0;16;;;;;1;16;;;;;0.5;-1.0
39;69300;VEV_6500;0;15;;;;;1;15;;;;;0.5;-1.0
39;69400;VEV_6500;0;13;;;;;1;13;;;;;0.5;-1.0
39;69500;VEV_6500;0;14;;;;;1;14;;;;;0.5;-1.0
39;69600;VEV_6500;0;17;;;;;1;17;;;;;0.5;-1.0
39;69700;VEV_6500;0;18;;;;;1;18;;;;;0.5;-1.0
39;69800;VEV_6500;0;11;;;;;1;11;;;;;0.5;-1.0
39;69900;VEV_6500;0;17;;;;;1;17;;;;;0.5;-1.0
39;70000;VEV_6500;0;19;;;;;1;19;;;;;0.5;-1.0
39;70100;VEV_6500;0;16;;;;;1;16;;;;;0.5;-1.0
39;70200;VEV_6500;0;14;;;;;1;14;;;;;0.5;-1.0
39;70300;VEV_6500;0;12;;;;;1;12;;;;;0.5;-1.0
39;70400;VEV_6500;0;19;;;;;1;19;;;;;0.5;-1.0
39;70500;VEV_6500;0;13;;;;;1;13;;;;;0.5;-1.0
39;70600;VEV_6500;0;15;;;;;1;15;;;;;0.5;-1.0
39;70700;VEV_6500;0;14;;;;;1;14;;;;;0.5;-1.0
39;70800;VEV_6500;0;19;;;;;1;19;;;;;0.5;-1.0
39;70900;VEV_6500;0;13;;;;;1;13;;;;;0.5;-1.0
39;71000;VEV_6500;0;12;;;;;1;12;;;;;0.5;-1.0
39;71100;VEV_6500;0;16;;;;;1;16;;;;;0.5;-1.0
39;71200;VEV_6500;0;13;;;;;1;13;;;;;0.5;-1.0
39;71300;VEV_6500;0;15;;;;;1;15;;;;;0.5;-1.0
39;71400;VEV_6500;0;16;;;;;1;16;;;;;0.5;-1.0
39;71500;VEV_6500;0;17;;;;;1;17;;;;;0.5;-1.0
39;71600;VEV_6500;0;10;;;;;1;10;;;;;0.5;-1.0
39;71700;VEV_6500;0;16;;;;;1;16;;;;;0.5;-1.0
39;71800;VEV_6500;0;15;;;;;1;15;;;;;0.5;-1.0
39;71900;VEV_6500;0;12;;;;;1;12;;;;;0.5;-1.0
39;72000;VEV_6500;0;14;;;;;1;14;;;;;0.5;-1.0
39;72100;VEV_6500;0;16;;;;;1;16;;;;;0.5;-1.0
39;72200;VEV_6500;0;18;;;;;1;18;;;;;0.5;-1.0
39;72300;VEV_6500;0;17;;;;;1;17;;;;;0.5;-1.0
39;72400;VEV_6500;0;18;;;;;1;18;;;;;0.5;-1.0
39;72500;VEV_6500;0;10;;;;;1;10;;;;;0.5;-1.0
39;72600;VEV_6500;0;19;;;;;1;19;;;;;0.5;-1.0
39;72700;VEV_6500;0;21;;;;;1;21;;;;;0.5;-1.0
39;72800;VEV_6500;0;14;;;;;1;14;;;;;0.5;-1.0
39;72900;VEV_6500;0;13;;;;;1;13;;;;;0.5;-1.0
39;73000;VEV_6500;0;18;;;;;1;18;;;;;0.5;-1.0
39;73100;VEV_6500;0;17;;;;;1;17;;;;;0.5;-1.0
39;73200;VEV_6500;0;15;;;;;1;15;;;;;0.5;-1.0
39;73300;VEV_6500;0;13;;;;;1;13;;;;;0.5;-1.0
39;73400;VEV_6500;0;14;;;;;1;14;;;;;0.5;-1.0
39;73500;VEV_6500;0;15;;;;;1;15;;;;;0.5;-1.0
39;73600;VEV_6500;0;17;;;;;1;17;;;;;0.5;-1.0
39;73700;VEV_6500;0;13;;;;;1;13;;;;;0.5;-1.0
39;73800;VEV_6500;0;17;;;;;1;17;;;;;0.5;-1.0
39;73900;VEV_6500;0;16;;;;;1;16;;;;;0.5;-1.0
39;74000;VEV_6500;0;15;;;;;1;15;;;;;0.5;-1.0
39;74100;VEV_6500;0;16;;;;;1;16;;;;;0.5;-1.0
39;74200;VEV_6500;0;20;;;;;1;20;;;;;0.5;-1.0
39;74300;VEV_6500;0;14;;;;;1;14;;;;;0.5;-1.0
39;74400;VEV_6500;0;18;;;;;1;18;;;;;0.5;-1.0
39;74500;VEV_6500;0;12;;;;;1;12;;;;;0.5;-1.0
39;74600;VEV_6500;0;21;;;;;1;21;;;;;0.5;-1.0
39;74700;VEV_6500;0;12;;;;;1;12;;;;;0.5;-1.0
39;74800;VEV_6500;0;21;;;;;1;21;;;;;0.5;-1.0
39;74900;VEV_6500;0;13;;;;;1;13;;;;;0.5;-1.0
39;75000;VEV_6500;0;17;;;;;1;17;;;;;0.5;-1.0
39;75100;VEV_6500;0;21;;;;;1;21;;;;;0.5;-1.0
39;75200;VEV_6500;0;11;;;;;1;15;;;;;0.5;-1.0
39;75300;VEV_6500;0;16;;;;;1;16;;;;;0.5;-1.0
39;75400;VEV_6500;0;15;;;;;1;15;;;;;0.5;-1.0
39;75500;VEV_6500;0;14;;;;;1;14;;;;;0.5;-1.0
39;75600;VEV_6500;0;17;;;;;1;17;;;;;0.5;-1.0
39;75700;VEV_6500;0;21;;;;;1;21;;;;;0.5;-1.0
39;75800;VEV_6500;0;17;;;;;1;17;;;;;0.5;-1.0
39;75900;VEV_6500;0;16;;;;;1;16;;;;;0.5;-1.0
39;76000;VEV_6500;0;17;;;;;1;17;;;;;0.5;-1.0
39;76100;VEV_6500;0;14;;;;;1;14;;;;;0.5;-1.0
39;76200;VEV_6500;0;11;;;;;1;11;;;;;0.5;-1.0
39;76300;VEV_6500;0;21;;;;;1;21;;;;;0.5;-1.0
39;76400;VEV_6500;0;15;;;;;1;15;;;;;0.5;-1.0
39;76500;VEV_6500;0;12;;;;;1;12;;;;;0.5;-1.0
39;76600;VEV_6500;0;12;;;;;1;12;;;;;0.5;-1.0
39;76700;VEV_6500;0;20;;;;;1;20;;;;;0.5;-1.0
39;76800;VEV_6500;0;17;;;;;1;17;;;;;0.5;-1.0
39;76900;VEV_6500;0;17;;;;;1;17;;;;;0.5;-1.0
39;77000;VEV_6500;0;12;;;;;1;12;;;;;0.5;-1.0
39;77100;VEV_6500;0;14;;;;;1;14;;;;;0.5;-1.0
39;77200;VEV_6500;0;18;;;;;1;18;;;;;0.5;-1.0
39;77300;VEV_6500;0;14;;;;;1;14;;;;;0.5;-1.0
39;77400;VEV_6500;0;13;;;;;1;13;;;;;0.5;-1.0
39;77500;VEV_6500;0;17;;;;;1;17;;;;;0.5;-1.0
39;77600;VEV_6500;0;19;;;;;1;19;;;;;0.5;-1.0
39;77700;VEV_6500;0;19;;;;;1;19;;;;;0.5;-1.0
39;77800;VEV_6500;0;15;;;;;1;15;;;;;0.5;-1.0
39;77900;VEV_6500;0;12;;;;;1;12;;;;;0.5;-1.0
39;78000;VEV_6500;0;17;;;;;1;17;;;;;0.5;-1.0
39;78100;VEV_6500;0;14;;;;;1;14;;;;;0.5;-1.0
39;78200;VEV_6500;0;10;;;;;1;10;;;;;0.5;-1.0
39;78300;VEV_6500;0;19;;;;;1;19;;;;;0.5;-1.0
39;78400;VEV_6500;0;10;;;;;1;10;;;;;0.5;-1.0
39;78500;VEV_6500;0;19;;;;;1;19;;;;;0.5;-1.0
39;78600;VEV_6500;0;15;;;;;1;15;;;;;0.5;-1.0
39;78700;VEV_6500;0;11;;;;;1;11;;;;;0.5;-1.0
39;78800;VEV_6500;0;21;;;;;1;17;;;;;0.5;-1.0
39;78900;VEV_6500;0;18;;;;;1;18;;;;;0.5;-1.0
39;79000;VEV_6500;0;18;;;;;1;18;;;;;0.5;-1.0
39;79100;VEV_6500;0;20;;;;;1;20;;;;;0.5;-1.0
39;79200;VEV_6500;0;21;;;;;1;21;;;;;0.5;-1.0
39;79300;VEV_6500;0;11;;;;;1;16;;;;;0.5;-1.0
39;79400;VEV_6500;0;13;;;;;1;13;;;;;0.5;-1.0
39;79500;VEV_6500;0;11;;;;;1;11;;;;;0.5;-1.0
39;79600;VEV_6500;0;14;;;;;1;14;;;;;0.5;-1.0
39;79700;VEV_6500;0;16;;;;;1;16;;;;;0.5;-1.0
39;79800;VEV_6500;0;11;;;;;1;11;;;;;0.5;-1.0
39;79900;VEV_6500;0;12;;;;;1;12;;;;;0.5;-1.0
39;80000;VEV_6500;0;12;;;;;1;12;;;;;0.5;-1.0
39;80100;VEV_6500;0;18;;;;;1;18;;;;;0.5;-1.0
39;80200;VEV_6500;0;12;;;;;1;12;;;;;0.5;-1.0
39;80300;VEV_6500;0;19;;;;;1;19;;;;;0.5;-1.0
39;80400;VEV_6500;0;18;;;;;1;18;;;;;0.5;-1.0
39;80500;VEV_6500;0;16;;;;;1;16;;;;;0.5;-1.0
39;80600;VEV_6500;0;14;;;;;1;14;;;;;0.5;-1.0
39;80700;VEV_6500;0;18;;;;;1;18;;;;;0.5;-1.0
39;80800;VEV_6500;0;13;;;;;1;13;;;;;0.5;-1.0
39;80900;VEV_6500;0;14;;;;;1;14;;;;;0.5;-1.0
39;81000;VEV_6500;0;12;;;;;1;12;;;;;0.5;-1.0
39;81100;VEV_6500;0;18;;;;;1;18;;;;;0.5;-1.0
39;81200;VEV_6500;0;21;;;;;1;21;;;;;0.5;-1.0
39;81300;VEV_6500;0;20;;;;;1;20;;;;;0.5;-1.0
39;81400;VEV_6500;0;13;;;;;1;13;;;;;0.5;-1.0
39;81500;VEV_6500;0;17;;;;;1;17;;;;;0.5;-1.0
39;81600;VEV_6500;0;19;;;;;1;19;;;;;0.5;-1.0
39;81700;VEV_6500;0;20;;;;;1;20;;;;;0.5;-1.0
39;81800;VEV_6500;0;15;;;;;1;15;;;;;0.5;-1.0
39;81900;VEV_6500;0;17;;;;;1;17;;;;;0.5;-1.0
39;82000;VEV_6500;0;15;;;;;1;15;;;;;0.5;-1.0
39;82100;VEV_6500;0;12;;;;;1;12;;;;;0.5;-1.0
39;82200;VEV_6500;0;13;;;;;1;13;;;;;0.5;-1.0
39;82300;VEV_6500;0;13;;;;;1;13;;;;;0.5;-1.0
39;82400;VEV_6500;0;15;;;;;1;15;;;;;0.5;-1.0
39;82500;VEV_6500;0;12;;;;;1;12;;;;;0.5;-1.0
39;82600;VEV_6500;0;13;;;;;1;13;;;;;0.5;-1.0
39;82700;VEV_6500;0;13;;;;;1;13;;;;;0.5;-1.0
39;82800;VEV_6500;0;11;;;;;1;11;;;;;0.5;-1.0
39;82900;VEV_6500;0;15;;;;;1;15;;;;;0.5;-1.0
39;83000;VEV_6500;0;16;;;;;1;16;;;;;0.5;-1.0
39;83100;VEV_6500;0;16;;;;;1;16;;;;;0.5;-1.0
39;83200;VEV_6500;0;12;;;;;1;12;;;;;0.5;-1.0
39;83300;VEV_6500;0;15;;;;;1;15;;;;;0.5;-1.0
39;83400;VEV_6500;0;18;;;;;1;18;;;;;0.5;-1.0
39;83500;VEV_6500;0;14;;;;;1;14;;;;;0.5;-1.0
39;83600;VEV_6500;0;12;;;;;1;12;;;;;0.5;-1.0
39;83700;VEV_6500;0;18;;;;;1;18;;;;;0.5;-1.0
39;83800;VEV_6500;0;10;;;;;1;10;;;;;0.5;-1.0
39;83900;VEV_6500;0;15;;;;;1;15;;;;;0.5;-1.0
39;84000;VEV_6500;0;14;;;;;1;14;;;;;0.5;-1.0
39;84100;VEV_6500;0;15;;;;;1;15;;;;;0.5;-1.0
39;84200;VEV_6500;0;19;;;;;1;19;;;;;0.5;-1.0
39;84300;VEV_6500;0;16;;;;;1;16;;;;;0.5;-1.0
39;84400;VEV_6500;0;13;;;;;1;13;;;;;0.5;-1.0
39;84500;VEV_6500;0;19;;;;;1;19;;;;;0.5;-1.0
39;84600;VEV_6500;0;16;;;;;1;16;;;;;0.5;-1.0
39;84700;VEV_6500;0;17;;;;;1;17;;;;;0.5;-1.0
39;84800;VEV_6500;0;17;;;;;1;17;;;;;0.5;-1.0
39;84900;VEV_6500;0;19;;;;;1;19;;;;;0.5;-1.0
39;85000;VEV_6500;0;14;;;;;1;14;;;;;0.5;-1.0
39;85100;VEV_6500;0;15;;;;;1;15;;;;;0.5;-1.0
39;85200;VEV_6500;0;16;;;;;1;16;;;;;0.5;-1.0
39;85300;VEV_6500;0;15;;;;;1;15;;;;;0.5;-1.0
39;85400;VEV_6500;0;15;;;;;1;15;;;;;0.5;-1.0
39;85500;VEV_6500;0;19;;;;;1;19;;;;;0.5;-1.0
39;85600;VEV_6500;0;17;;;;;1;17;;;;;0.5;-1.0
39;85700;VEV_6500;0;13;;;;;1;13;;;;;0.5;-1.0
39;85800;VEV_6500;0;15;;;;;1;15;;;;;0.5;-1.0
39;85900;VEV_6500;0;11;;;;;1;11;;;;;0.5;-1.0
39;86000;VEV_6500;0;14;;;;;1;14;;;;;0.5;-1.0
39;86100;VEV_6500;0;14;;;;;1;14;;;;;0.5;-1.0
39;86200;VEV_6500;0;15;;;;;1;15;;;;;0.5;-1.0
39;86300;VEV_6500;0;10;;;;;1;10;;;;;0.5;-1.0
39;86400;VEV_6500;0;13;;;;;1;13;;;;;0.5;-1.0
39;86500;VEV_6500;0;20;;;;;1;20;;;;;0.5;-1.0
39;86600;VEV_6500;0;16;;;;;1;16;;;;;0.5;-1.0
39;86700;VEV_6500;0;13;;;;;1;13;;;;;0.5;-1.0
39;86800;VEV_6500;0;14;;;;;1;14;;;;;0.5;-1.0
39;86900;VEV_6500;0;17;;;;;1;17;;;;;0.5;-1.0
39;87000;VEV_6500;0;18;;;;;1;18;;;;;0.5;-1.0
39;87100;VEV_6500;0;12;;;;;1;12;;;;;0.5;-1.0
39;87200;VEV_6500;0;17;;;;;1;17;;;;;0.5;-1.0
39;87300;VEV_6500;0;14;;;;;1;14;;;;;0.5;-1.0
39;87400;VEV_6500;0;14;;;;;1;14;;;;;0.5;-1.0
39;87500;VEV_6500;0;13;;;;;1;13;;;;;0.5;-1.0
39;87600;VEV_6500;0;18;;;;;1;18;;;;;0.5;-1.0
39;87700;VEV_6500;0;13;;;;;1;13;;;;;0.5;-1.0
39;87800;VEV_6500;0;16;;;;;1;16;;;;;0.5;-1.0
39;87900;VEV_6500;0;15;;;;;1;15;;;;;0.5;-1.0
39;88000;VEV_6500;0;12;;;;;1;12;;;;;0.5;-1.0
39;88100;VEV_6500;0;18;;;;;1;18;;;;;0.5;-1.0
39;88200;VEV_6500;0;11;;;;;1;11;;;;;0.5;-1.0
39;88300;VEV_6500;0;13;;;;;1;13;;;;;0.5;-1.0
39;88400;VEV_6500;0;17;;;;;1;17;;;;;0.5;-1.0
39;88500;VEV_6500;0;11;;;;;1;11;;;;;0.5;-1.0
39;88600;VEV_6500;0;12;;;;;1;12;;;;;0.5;-1.0
39;88700;VEV_6500;0;17;;;;;1;17;;;;;0.5;-1.0
39;88800;VEV_6500;0;15;;;;;1;15;;;;;0.5;-1.0
39;88900;VEV_6500;0;13;;;;;1;13;;;;;0.5;-1.0
39;89000;VEV_6500;0;18;;;;;1;18;;;;;0.5;-1.0
39;89100;VEV_6500;0;12;;;;;1;12;;;;;0.5;-1.0
39;89200;VEV_6500;0;15;;;;;1;15;;;;;0.5;-1.0
39;89300;VEV_6500;0;18;;;;;1;18;;;;;0.5;-1.0
39;89400;VEV_6500;0;20;;;;;1;20;;;;;0.5;-1.0
39;89500;VEV_6500;0;19;;;;;1;19;;;;;0.5;-1.0
39;89600;VEV_6500;0;15;;;;;1;15;;;;;0.5;-1.0
39;89700;VEV_6500;0;19;;;;;1;19;;;;;0.5;-1.0
39;89800;VEV_6500;0;13;;;;;1;13;;;;;0.5;-1.0
39;89900;VEV_6500;0;11;;;;;1;11;;;;;0.5;-1.0
39;90000;VEV_6500;0;21;;;;;1;21;;;;;0.5;-1.0
39;90100;VEV_6500;0;16;;;;;1;16;;;;;0.5;-1.0
39;90200;VEV_6500;0;19;;;;;1;19;;;;;0.5;-1.0
39;90300;VEV_6500;0;14;;;;;1;14;;;;;0.5;-1.0
39;90400;VEV_6500;0;12;;;;;1;12;;;;;0.5;-1.0
39;90500;VEV_6500;0;11;;;;;1;11;;;;;0.5;-1.0
39;90600;VEV_6500;0;18;;;;;1;18;;;;;0.5;-1.0
39;90700;VEV_6500;0;19;;;;;1;19;;;;;0.5;-1.0
39;90800;VEV_6500;0;13;;;;;1;13;;;;;0.5;-1.0
39;90900;VEV_6500;0;17;;;;;1;17;;;;;0.5;-1.0
39;91000;VEV_6500;0;15;;;;;1;15;;;;;0.5;-1.0
39;91100;VEV_6500;0;14;;;;;1;14;;;;;0.5;-1.0
39;91200;VEV_6500;0;17;;;;;1;17;;;;;0.5;-1.0
39;91300;VEV_6500;0;19;;;;;1;19;;;;;0.5;-1.0
39;91400;VEV_6500;0;15;;;;;1;15;;;;;0.5;-1.0
39;91500;VEV_6500;0;18;;;;;1;18;;;;;0.5;-1.0
39;91600;VEV_6500;0;16;;;;;1;16;;;;;0.5;-1.0
39;91700;VEV_6500;0;16;;;;;1;16;;;;;0.5;-1.0
39;91800;VEV_6500;0;15;;;;;1;15;;;;;0.5;-1.0
39;91900;VEV_6500;0;20;;;;;1;20;;;;;0.5;-1.0
39;92000;VEV_6500;0;18;;;;;1;18;;;;;0.5;-1.0
39;92100;VEV_6500;0;13;;;;;1;13;;;;;0.5;-1.0
39;92200;VEV_6500;0;15;;;;;1;15;;;;;0.5;-1.0
39;92300;VEV_6500;0;18;;;;;1;18;;;;;0.5;-1.0
39;92400;VEV_6500;0;18;;;;;1;18;;;;;0.5;-1.0
39;92500;VEV_6500;0;14;;;;;1;14;;;;;0.5;-1.0
39;92600;VEV_6500;0;19;;;;;1;19;;;;;0.5;-1.0
39;92700;VEV_6500;0;14;;;;;1;14;;;;;0.5;-1.0
39;92800;VEV_6500;0;19;;;;;1;19;;;;;0.5;-1.0
39;92900;VEV_6500;0;16;;;;;1;16;;;;;0.5;-1.0
39;93000;VEV_6500;0;15;;;;;1;15;;;;;0.5;-1.0
39;93100;VEV_6500;0;14;;;;;1;14;;;;;0.5;-1.0
39;93200;VEV_6500;0;16;;;;;1;16;;;;;0.5;-1.0
39;93300;VEV_6500;0;17;;;;;1;17;;;;;0.5;-1.0
39;93400;VEV_6500;0;15;;;;;1;15;;;;;0.5;-1.0
39;93500;VEV_6500;0;18;;;;;1;18;;;;;0.5;-1.0
39;93600;VEV_6500;0;16;;;;;1;16;;;;;0.5;-1.0
39;93700;VEV_6500;0;21;;;;;1;21;;;;;0.5;-1.0
39;93800;VEV_6500;0;14;;;;;1;14;;;;;0.5;-1.0
39;93900;VEV_6500;0;18;;;;;1;18;;;;;0.5;-1.0
39;94000;VEV_6500;0;18;;;;;1;18;;;;;0.5;-1.0
39;94100;VEV_6500;0;18;;;;;1;18;;;;;0.5;-1.0
39;94200;VEV_6500;0;14;;;;;1;14;;;;;0.5;-1.0
39;94300;VEV_6500;0;14;;;;;1;14;;;;;0.5;-1.0
39;94400;VEV_6500;0;14;;;;;1;14;;;;;0.5;-1.0
39;94500;VEV_6500;0;14;;;;;1;14;;;;;0.5;-1.0
39;94600;VEV_6500;0;13;;;;;1;13;;;;;0.5;-1.0
39;94700;VEV_6500;0;14;;;;;1;14;;;;;0.5;-1.0
39;94800;VEV_6500;0;13;;;;;1;13;;;;;0.5;-1.0
39;94900;VEV_6500;0;12;;;;;1;12;;;;;0.5;-1.0
39;95000;VEV_6500;0;13;;;;;1;13;;;;;0.5;-1.0
39;95100;VEV_6500;0;17;;;;;1;17;;;;;0.5;-1.0
39;95200;VEV_6500;0;15;;;;;1;15;;;;;0.5;-1.0
39;95300;VEV_6500;0;14;;;;;1;14;;;;;0.5;-1.0
39;95400;VEV_6500;0;16;;;;;1;16;;;;;0.5;-1.0
39;95500;VEV_6500;0;16;;;;;1;16;;;;;0.5;-1.0
39;95600;VEV_6500;0;15;;;;;1;15;;;;;0.5;-1.0
39;95700;VEV_6500;0;16;;;;;1;16;;;;;0.5;-1.0
39;95800;VEV_6500;0;14;;;;;1;14;;;;;0.5;-1.0
39;95900;VEV_6500;0;11;;;;;1;11;;;;;0.5;-1.0
39;96000;VEV_6500;0;20;;;;;1;20;;;;;0.5;-1.0
39;96100;VEV_6500;0;18;;;;;1;18;;;;;0.5;-1.0
39;96200;VEV_6500;0;18;;;;;1;18;;;;;0.5;-1.0
39;96300;VEV_6500;0;16;;;;;1;16;;;;;0.5;-1.0
39;96400;VEV_6500;0;14;;;;;1;14;;;;;0.5;-1.0
39;96500;VEV_6500;0;16;;;;;1;16;;;;;0.5;-1.0
39;96600;VEV_6500;0;15;;;;;1;15;;;;;0.5;-1.0
39;96700;VEV_6500;0;18;;;;;1;18;;;;;0.5;-1.0
39;96800;VEV_6500;0;11;;;;;1;11;;;;;0.5;-1.0
39;96900;VEV_6500;0;13;;;;;1;13;;;;;0.5;-1.0
39;97000;VEV_6500;0;15;;;;;1;15;;;;;0.5;-1.0
39;97100;VEV_6500;0;17;;;;;1;17;;;;;0.5;-1.0
39;97200;VEV_6500;0;18;;;;;1;18;;;;;0.5;-1.0
39;97300;VEV_6500;0;16;;;;;1;16;;;;;0.5;-1.0
39;97400;VEV_6500;0;15;;;;;1;15;;;;;0.5;-1.0
39;97500;VEV_6500;0;11;;;;;1;11;;;;;0.5;-1.0
39;97600;VEV_6500;0;17;;;;;1;17;;;;;0.5;-1.0
39;97700;VEV_6500;0;14;;;;;1;14;;;;;0.5;-1.0
39;97800;VEV_6500;0;15;;;;;1;15;;;;;0.5;-1.0
39;97900;VEV_6500;0;16;;;;;1;16;;;;;0.5;-1.0
39;98000;VEV_6500;0;20;;;;;1;20;;;;;0.5;-1.0
39;98100;VEV_6500;0;15;;;;;1;15;;;;;0.5;-1.0
39;98200;VEV_6500;0;14;;;;;1;14;;;;;0.5;-1.0
39;98300;VEV_6500;0;12;;;;;1;12;;;;;0.5;-1.0
39;98400;VEV_6500;0;10;;;;;1;10;;;;;0.5;-1.0
39;98500;VEV_6500;0;17;;;;;1;17;;;;;0.5;-1.0
39;98600;VEV_6500;0;17;;;;;1;17;;;;;0.5;-1.0
39;98700;VEV_6500;0;15;;;;;1;15;;;;;0.5;-1.0
39;98800;VEV_6500;0;15;;;;;1;15;;;;;0.5;-1.0
39;98900;VEV_6500;0;14;;;;;1;14;;;;;0.5;-1.0
39;99000;VEV_6500;0;18;;;;;1;18;;;;;0.5;-1.0
39;99100;VEV_6500;0;14;;;;;1;14;;;;;0.5;-1.0
39;99200;VEV_6500;0;12;;;;;1;12;;;;;0.5;-1.0
39;99300;VEV_6500;0;15;;;;;1;15;;;;;0.5;-1.0
39;99400;VEV_6500;0;15;;;;;1;15;;;;;0.5;-1.0
39;99500;VEV_6500;0;20;;;;;1;20;;;;;0.5;-1.0
39;99600;VEV_6500;0;17;;;;;1;17;;;;;0.5;-1.0
39;99700;VEV_6500;0;19;;;;;1;19;;;;;0.5;-1.0
39;99800;VEV_6500;0;16;;;;;1;16;;;;;0.5;-1.0
39;99900;VEV_6500;0;14;;;;;1;14;;;;;0.5;-1.0
