timestamp;buyer;seller;symbol;currency;price;quantity
700;;;ASH_COATED_OSMIUM;XIRECS;9990.0;6
900;;;ASH_COATED_OSMIUM;XIRECS;9998.0;2
1000;;;INTARIAN_PEPPER_ROOT;XIRECS;9995.0;7
2500;;;ASH_COATED_OSMIUM;XIRECS;10011.0;8
4000;;;INTARIAN_PEPPER_ROOT;XIRECS;10007.0;7
6100;;;ASH_COATED_OSMIUM;XIRECS;10013.0;8
10500;;;INTARIAN_PEPPER_ROOT;XIRECS;10013.0;5
12600;;;INTARIAN_PEPPER_ROOT;XIRECS;10018.0;3
12900;;;ASH_COATED_OSMIUM;XIRECS;10001.0;9
13800;;;ASH_COATED_OSMIUM;XIRECS;10017.0;3
15000;;;ASH_COATED_OSMIUM;XIRECS;10016.0;3
15000;;;INTARIAN_PEPPER_ROOT;XIRECS;10021.0;7
15100;;;ASH_COATED_OSMIUM;XIRECS;10016.0;5
15600;;;INTARIAN_PEPPER_ROOT;XIRECS;10021.0;3
15900;;;ASH_COATED_OSMIUM;XIRECS;9995.0;9
17400;;;ASH_COATED_OSMIUM;XIRECS;10014.0;4
18400;;;ASH_COATED_OSMIUM;XIRECS;10018.0;4
20200;;;INTARIAN_PEPPER_ROOT;XIRECS;10026.0;6
21500;;;INTARIAN_PEPPER_ROOT;XIRECS;10027.0;4
22600;;;INTARIAN_PEPPER_ROOT;XIRECS;10019.0;3
22600;;;INTARIAN_PEPPER_ROOT;XIRECS;10019.0;4
24000;;;ASH_COATED_OSMIUM;XIRECS;10013.0;6
28200;;;INTARIAN_PEPPER_ROOT;XIRECS;10034.0;6
28700;;;ASH_COATED_OSMIUM;XIRECS;10011.0;2
28800;;;ASH_COATED_OSMIUM;XIRECS;10011.0;10
29300;;;INTARIAN_PEPPER_ROOT;XIRECS;10021.0;6
29400;;;INTARIAN_PEPPER_ROOT;XIRECS;10035.0;7
30700;;;ASH_COATED_OSMIUM;XIRECS;10012.0;6
32400;;;ASH_COATED_OSMIUM;XIRECS;10005.0;4
32800;;;INTARIAN_PEPPER_ROOT;XIRECS;10038.0;3
33000;;;ASH_COATED_OSMIUM;XIRECS;10013.0;9
35200;;;INTARIAN_PEPPER_ROOT;XIRECS;10032.0;5
36600;;;ASH_COATED_OSMIUM;XIRECS;9997.0;6
36700;;;ASH_COATED_OSMIUM;XIRECS;10012.0;10
37900;;;INTARIAN_PEPPER_ROOT;XIRECS;10040.0;4
38600;;;INTARIAN_PEPPER_ROOT;XIRECS;10033.0;6
40500;;;ASH_COATED_OSMIUM;XIRECS;9997.0;2
42000;;;ASH_COATED_OSMIUM;XIRECS;10006.0;4
42500;;;INTARIAN_PEPPER_ROOT;XIRECS;10037.0;3
44200;;;ASH_COATED_OSMIUM;XIRECS;10014.0;2
45600;;;ASH_COATED_OSMIUM;XIRECS;10011.0;4
45900;;;INTARIAN_PEPPER_ROOT;XIRECS;10038.0;6
46400;;;INTARIAN_PEPPER_ROOT;XIRECS;10049.0;4
48000;;;ASH_COATED_OSMIUM;XIRECS;10014.0;10
50000;;;ASH_COATED_OSMIUM;XIRECS;10008.0;3
50800;;;ASH_COATED_OSMIUM;XIRECS;10015.0;5
51400;;;ASH_COATED_OSMIUM;XIRECS;10018.0;8
52900;;;INTARIAN_PEPPER_ROOT;XIRECS;10049.0;6
53000;;;INTARIAN_PEPPER_ROOT;XIRECS;10049.0;6
53800;;;ASH_COATED_OSMIUM;XIRECS;9999.0;10
53800;;;INTARIAN_PEPPER_ROOT;XIRECS;10048.0;4
55300;;;INTARIAN_PEPPER_ROOT;XIRECS;10052.0;7
55900;;;ASH_COATED_OSMIUM;XIRECS;10013.0;6
57200;;;INTARIAN_PEPPER_ROOT;XIRECS;10060.0;8
57600;;;ASH_COATED_OSMIUM;XIRECS;9998.0;6
60900;;;INTARIAN_PEPPER_ROOT;XIRECS;10066.0;6
61700;;;INTARIAN_PEPPER_ROOT;XIRECS;10064.0;5
64800;;;INTARIAN_PEPPER_ROOT;XIRECS;10059.0;7
67300;;;ASH_COATED_OSMIUM;XIRECS;9989.0;8
69400;;;ASH_COATED_OSMIUM;XIRECS;9987.0;5
71700;;;ASH_COATED_OSMIUM;XIRECS;9990.0;8
72400;;;INTARIAN_PEPPER_ROOT;XIRECS;10067.0;5
72900;;;ASH_COATED_OSMIUM;XIRECS;9990.0;9
73400;;;INTARIAN_PEPPER_ROOT;XIRECS;10079.0;3
73900;;;ASH_COATED_OSMIUM;XIRECS;9991.0;7
74500;;;ASH_COATED_OSMIUM;XIRECS;10007.0;9
76000;;;ASH_COATED_OSMIUM;XIRECS;10008.0;7
79600;;;ASH_COATED_OSMIUM;XIRECS;10008.0;6
81200;;;ASH_COATED_OSMIUM;XIRECS;9991.0;6
84600;;;ASH_COATED_OSMIUM;XIRECS;9990.0;2
86100;;;ASH_COATED_OSMIUM;XIRECS;10007.0;6
86200;;;ASH_COATED_OSMIUM;XIRECS;9991.0;4
86600;;;INTARIAN_PEPPER_ROOT;XIRECS;10083.0;3
88100;;;INTARIAN_PEPPER_ROOT;XIRECS;10094.0;6
89000;;;INTARIAN_PEPPER_ROOT;XIRECS;10095.0;6
91200;;;INTARIAN_PEPPER_ROOT;XIRECS;10086.0;5
91900;;;INTARIAN_PEPPER_ROOT;XIRECS;10084.0;7
94000;;;ASH_COATED_OSMIUM;XIRECS;10004.0;8
94400;;;ASH_COATED_OSMIUM;XIRECS;10004.0;3
96300;;;ASH_COATED_OSMIUM;XIRECS;10006.0;8
97200;;;ASH_COATED_OSMIUM;XIRECS;9994.0;4
97600;;;ASH_COATED_OSMIUM;XIRECS;9999.0;3
98200;;;ASH_COATED_OSMIUM;XIRECS;9990.0;3
98600;;;INTARIAN_PEPPER_ROOT;XIRECS;10101.0;3
100100;;;ASH_COATED_OSMIUM;XIRECS;9993.0;3
101700;;;ASH_COATED_OSMIUM;XIRECS;10001.0;5
102000;;;INTARIAN_PEPPER_ROOT;XIRECS;10096.0;7
103900;;;ASH_COATED_OSMIUM;XIRECS;10004.0;4
105100;;;ASH_COATED_OSMIUM;XIRECS;9990.0;8
105200;;;ASH_COATED_OSMIUM;XIRECS;10005.0;3
106000;;;ASH_COATED_OSMIUM;XIRECS;9989.0;4
107900;;;ASH_COATED_OSMIUM;XIRECS;9991.0;6
108200;;;INTARIAN_PEPPER_ROOT;XIRECS;10114.0;6
108800;;;ASH_COATED_OSMIUM;XIRECS;9990.0;9
111800;;;ASH_COATED_OSMIUM;XIRECS;9989.0;6
113300;;;ASH_COATED_OSMIUM;XIRECS;9995.0;5
113500;;;ASH_COATED_OSMIUM;XIRECS;10010.0;4
114100;;;ASH_COATED_OSMIUM;XIRECS;10011.0;10
114500;;;INTARIAN_PEPPER_ROOT;XIRECS;10120.0;4
117700;;;INTARIAN_PEPPER_ROOT;XIRECS;10114.0;8
118900;;;ASH_COATED_OSMIUM;XIRECS;9993.0;3
119100;;;ASH_COATED_OSMIUM;XIRECS;10010.0;4
120000;;;ASH_COATED_OSMIUM;XIRECS;10010.0;8
120900;;;ASH_COATED_OSMIUM;XIRECS;10010.0;6
122900;;;ASH_COATED_OSMIUM;XIRECS;9991.0;3
123300;;;INTARIAN_PEPPER_ROOT;XIRECS;10129.0;4
125200;;;ASH_COATED_OSMIUM;XIRECS;10007.0;3
125400;;;ASH_COATED_OSMIUM;XIRECS;9990.0;3
129400;;;INTARIAN_PEPPER_ROOT;XIRECS;10132.0;5
130000;;;INTARIAN_PEPPER_ROOT;XIRECS;10124.0;4
131400;;;INTARIAN_PEPPER_ROOT;XIRECS;10139.0;5
133100;;;ASH_COATED_OSMIUM;XIRECS;9991.0;8
134600;;;INTARIAN_PEPPER_ROOT;XIRECS;10129.0;5
135800;;;ASH_COATED_OSMIUM;XIRECS;9992.0;2
136200;;;INTARIAN_PEPPER_ROOT;XIRECS;10139.0;7
137500;;;ASH_COATED_OSMIUM;XIRECS;9992.0;5
139000;;;ASH_COATED_OSMIUM;XIRECS;9988.0;6
141800;;;INTARIAN_PEPPER_ROOT;XIRECS;10136.0;5
144100;;;INTARIAN_PEPPER_ROOT;XIRECS;10136.0;3
148600;;;INTARIAN_PEPPER_ROOT;XIRECS;10154.0;7
149300;;;INTARIAN_PEPPER_ROOT;XIRECS;10144.0;3
149800;;;ASH_COATED_OSMIUM;XIRECS;10007.0;6
155500;;;INTARIAN_PEPPER_ROOT;XIRECS;10152.0;4
156300;;;INTARIAN_PEPPER_ROOT;XIRECS;10151.0;3
156800;;;INTARIAN_PEPPER_ROOT;XIRECS;10159.0;3
157000;;;ASH_COATED_OSMIUM;XIRECS;10005.0;3
159700;;;INTARIAN_PEPPER_ROOT;XIRECS;10156.0;7
160300;;;ASH_COATED_OSMIUM;XIRECS;10004.0;5
161600;;;ASH_COATED_OSMIUM;XIRECS;10005.0;2
165400;;;INTARIAN_PEPPER_ROOT;XIRECS;10171.0;4
169300;;;INTARIAN_PEPPER_ROOT;XIRECS;10164.0;3
173600;;;ASH_COATED_OSMIUM;XIRECS;9992.0;5
174200;;;ASH_COATED_OSMIUM;XIRECS;10007.0;3
175000;;;ASH_COATED_OSMIUM;XIRECS;9998.0;3
175000;;;INTARIAN_PEPPER_ROOT;XIRECS;10181.0;3
175400;;;ASH_COATED_OSMIUM;XIRECS;10011.0;4
178600;;;INTARIAN_PEPPER_ROOT;XIRECS;10175.0;4
179600;;;ASH_COATED_OSMIUM;XIRECS;10009.0;10
183600;;;ASH_COATED_OSMIUM;XIRECS;10010.0;10
184400;;;ASH_COATED_OSMIUM;XIRECS;10010.0;5
184500;;;INTARIAN_PEPPER_ROOT;XIRECS;10190.0;7
184800;;;ASH_COATED_OSMIUM;XIRECS;9993.0;2
184900;;;INTARIAN_PEPPER_ROOT;XIRECS;10177.0;3
185600;;;INTARIAN_PEPPER_ROOT;XIRECS;10191.0;5
186400;;;ASH_COATED_OSMIUM;XIRECS;9992.0;5
189700;;;INTARIAN_PEPPER_ROOT;XIRECS;10192.0;6
190100;;;ASH_COATED_OSMIUM;XIRECS;10009.0;3
190200;;;INTARIAN_PEPPER_ROOT;XIRECS;10196.0;3
190800;;;ASH_COATED_OSMIUM;XIRECS;9991.0;6
192800;;;ASH_COATED_OSMIUM;XIRECS;10006.0;5
193900;;;INTARIAN_PEPPER_ROOT;XIRECS;10199.0;6
194700;;;ASH_COATED_OSMIUM;XIRECS;9989.0;9
197100;;;ASH_COATED_OSMIUM;XIRECS;9987.0;3
200600;;;ASH_COATED_OSMIUM;XIRECS;10000.0;6
202400;;;INTARIAN_PEPPER_ROOT;XIRECS;10197.0;6
202700;;;ASH_COATED_OSMIUM;XIRECS;9987.0;2
203300;;;INTARIAN_PEPPER_ROOT;XIRECS;10198.0;6
203500;;;ASH_COATED_OSMIUM;XIRECS;9996.0;3
205000;;;INTARIAN_PEPPER_ROOT;XIRECS;10208.0;7
206100;;;INTARIAN_PEPPER_ROOT;XIRECS;10203.0;6
206400;;;INTARIAN_PEPPER_ROOT;XIRECS;10203.0;4
206500;;;ASH_COATED_OSMIUM;XIRECS;9985.0;3
207300;;;INTARIAN_PEPPER_ROOT;XIRECS;10202.0;5
207600;;;ASH_COATED_OSMIUM;XIRECS;10003.0;2
208200;;;INTARIAN_PEPPER_ROOT;XIRECS;10203.0;7
208500;;;ASH_COATED_OSMIUM;XIRECS;10003.0;9
208700;;;INTARIAN_PEPPER_ROOT;XIRECS;10203.0;4
210300;;;INTARIAN_PEPPER_ROOT;XIRECS;10216.0;5
211000;;;ASH_COATED_OSMIUM;XIRECS;9987.0;2
212300;;;INTARIAN_PEPPER_ROOT;XIRECS;10218.0;6
216000;;;ASH_COATED_OSMIUM;XIRECS;9990.0;6
216600;;;ASH_COATED_OSMIUM;XIRECS;10006.0;5
218400;;;INTARIAN_PEPPER_ROOT;XIRECS;10213.0;7
219700;;;INTARIAN_PEPPER_ROOT;XIRECS;10225.0;3
219900;;;INTARIAN_PEPPER_ROOT;XIRECS;10214.0;3
220300;;;ASH_COATED_OSMIUM;XIRECS;10000.0;2
221200;;;ASH_COATED_OSMIUM;XIRECS;9992.0;3
221200;;;INTARIAN_PEPPER_ROOT;XIRECS;10218.0;8
221600;;;INTARIAN_PEPPER_ROOT;XIRECS;10227.0;6
224200;;;ASH_COATED_OSMIUM;XIRECS;10009.0;4
225400;;;INTARIAN_PEPPER_ROOT;XIRECS;10228.0;3
225700;;;ASH_COATED_OSMIUM;XIRECS;10007.0;4
226400;;;INTARIAN_PEPPER_ROOT;XIRECS;10232.0;5
231300;;;INTARIAN_PEPPER_ROOT;XIRECS;10234.0;7
231500;;;INTARIAN_PEPPER_ROOT;XIRECS;10226.0;5
231600;;;INTARIAN_PEPPER_ROOT;XIRECS;10237.0;4
232000;;;ASH_COATED_OSMIUM;XIRECS;10006.0;4
232100;;;ASH_COATED_OSMIUM;XIRECS;9990.0;2
234600;;;INTARIAN_PEPPER_ROOT;XIRECS;10229.0;5
235900;;;INTARIAN_PEPPER_ROOT;XIRECS;10244.0;6
236400;;;ASH_COATED_OSMIUM;XIRECS;10006.0;9
236600;;;ASH_COATED_OSMIUM;XIRECS;9990.0;10
236800;;;ASH_COATED_OSMIUM;XIRECS;10006.0;2
241600;;;INTARIAN_PEPPER_ROOT;XIRECS;10247.0;7
242400;;;ASH_COATED_OSMIUM;XIRECS;10008.0;5
242600;;;ASH_COATED_OSMIUM;XIRECS;10005.0;4
243300;;;INTARIAN_PEPPER_ROOT;XIRECS;10246.0;4
244000;;;ASH_COATED_OSMIUM;XIRECS;10005.0;2
245900;;;ASH_COATED_OSMIUM;XIRECS;9990.0;3
246100;;;INTARIAN_PEPPER_ROOT;XIRECS;10240.0;5
248400;;;INTARIAN_PEPPER_ROOT;XIRECS;10257.0;7
249700;;;ASH_COATED_OSMIUM;XIRECS;9990.0;4
250000;;;INTARIAN_PEPPER_ROOT;XIRECS;10244.0;5
250900;;;INTARIAN_PEPPER_ROOT;XIRECS;10257.0;7
253000;;;ASH_COATED_OSMIUM;XIRECS;10007.0;2
253000;;;INTARIAN_PEPPER_ROOT;XIRECS;10249.0;4
254100;;;ASH_COATED_OSMIUM;XIRECS;10000.0;4
254400;;;ASH_COATED_OSMIUM;XIRECS;9995.0;2
255200;;;ASH_COATED_OSMIUM;XIRECS;9989.0;2
257500;;;ASH_COATED_OSMIUM;XIRECS;10004.0;5
260000;;;ASH_COATED_OSMIUM;XIRECS;10003.0;7
260800;;;ASH_COATED_OSMIUM;XIRECS;9987.0;3
261600;;;ASH_COATED_OSMIUM;XIRECS;10003.0;4
262700;;;INTARIAN_PEPPER_ROOT;XIRECS;10265.0;3
263500;;;ASH_COATED_OSMIUM;XIRECS;9986.0;3
264000;;;INTARIAN_PEPPER_ROOT;XIRECS;10260.0;6
265700;;;INTARIAN_PEPPER_ROOT;XIRECS;10274.0;4
268700;;;INTARIAN_PEPPER_ROOT;XIRECS;10265.0;5
269500;;;ASH_COATED_OSMIUM;XIRECS;10002.0;2
274300;;;ASH_COATED_OSMIUM;XIRECS;9985.0;5
275500;;;INTARIAN_PEPPER_ROOT;XIRECS;10270.0;6
281200;;;ASH_COATED_OSMIUM;XIRECS;9983.0;3
281300;;;ASH_COATED_OSMIUM;XIRECS;9983.0;4
281600;;;ASH_COATED_OSMIUM;XIRECS;10000.0;5
282300;;;INTARIAN_PEPPER_ROOT;XIRECS;10277.0;5
282600;;;ASH_COATED_OSMIUM;XIRECS;10002.0;6
283000;;;INTARIAN_PEPPER_ROOT;XIRECS;10289.0;5
285400;;;ASH_COATED_OSMIUM;XIRECS;9987.0;10
286200;;;INTARIAN_PEPPER_ROOT;XIRECS;10292.0;4
288300;;;ASH_COATED_OSMIUM;XIRECS;10001.0;7
288800;;;INTARIAN_PEPPER_ROOT;XIRECS;10283.0;5
289000;;;INTARIAN_PEPPER_ROOT;XIRECS;10292.0;5
289400;;;ASH_COATED_OSMIUM;XIRECS;9986.0;6
291200;;;ASH_COATED_OSMIUM;XIRECS;9986.0;7
292200;;;ASH_COATED_OSMIUM;XIRECS;9986.0;2
292300;;;INTARIAN_PEPPER_ROOT;XIRECS;10298.0;7
295100;;;INTARIAN_PEPPER_ROOT;XIRECS;10292.0;7
295400;;;ASH_COATED_OSMIUM;XIRECS;10001.0;6
297600;;;ASH_COATED_OSMIUM;XIRECS;10003.0;6
298600;;;ASH_COATED_OSMIUM;XIRECS;10006.0;2
298900;;;INTARIAN_PEPPER_ROOT;XIRECS;10291.0;3
300000;;;ASH_COATED_OSMIUM;XIRECS;10000.0;6
300900;;;ASH_COATED_OSMIUM;XIRECS;9982.0;10
301900;;;INTARIAN_PEPPER_ROOT;XIRECS;10310.0;7
302000;;;ASH_COATED_OSMIUM;XIRECS;9981.0;6
303700;;;ASH_COATED_OSMIUM;XIRECS;10000.0;5
304000;;;ASH_COATED_OSMIUM;XIRECS;10000.0;5
306100;;;ASH_COATED_OSMIUM;XIRECS;9985.0;9
306400;;;ASH_COATED_OSMIUM;XIRECS;10001.0;7
311700;;;INTARIAN_PEPPER_ROOT;XIRECS;10317.0;7
313600;;;INTARIAN_PEPPER_ROOT;XIRECS;10310.0;4
313700;;;ASH_COATED_OSMIUM;XIRECS;10000.0;4
314200;;;ASH_COATED_OSMIUM;XIRECS;10000.0;4
314500;;;INTARIAN_PEPPER_ROOT;XIRECS;10309.0;5
314800;;;INTARIAN_PEPPER_ROOT;XIRECS;10311.0;4
315300;;;ASH_COATED_OSMIUM;XIRECS;10000.0;6
316200;;;ASH_COATED_OSMIUM;XIRECS;9985.0;3
318800;;;ASH_COATED_OSMIUM;XIRECS;9986.0;7
321000;;;INTARIAN_PEPPER_ROOT;XIRECS;10317.0;6
321100;;;ASH_COATED_OSMIUM;XIRECS;10002.0;6
324600;;;ASH_COATED_OSMIUM;XIRECS;10002.0;6
324800;;;INTARIAN_PEPPER_ROOT;XIRECS;10319.0;4
326300;;;INTARIAN_PEPPER_ROOT;XIRECS;10321.0;7
329100;;;INTARIAN_PEPPER_ROOT;XIRECS;10332.0;6
330800;;;ASH_COATED_OSMIUM;XIRECS;9982.0;6
333400;;;ASH_COATED_OSMIUM;XIRECS;9983.0;10
333600;;;ASH_COATED_OSMIUM;XIRECS;9999.0;5
334500;;;INTARIAN_PEPPER_ROOT;XIRECS;10331.0;5
336400;;;INTARIAN_PEPPER_ROOT;XIRECS;10342.0;5
340200;;;INTARIAN_PEPPER_ROOT;XIRECS;10348.0;3
342200;;;INTARIAN_PEPPER_ROOT;XIRECS;10350.0;7
344500;;;INTARIAN_PEPPER_ROOT;XIRECS;10339.0;7
344500;;;INTARIAN_PEPPER_ROOT;XIRECS;10341.0;8
345500;;;INTARIAN_PEPPER_ROOT;XIRECS;10340.0;6
346700;;;ASH_COATED_OSMIUM;XIRECS;9979.0;3
346700;;;INTARIAN_PEPPER_ROOT;XIRECS;10338.0;3
347100;;;INTARIAN_PEPPER_ROOT;XIRECS;10355.0;7
348000;;;INTARIAN_PEPPER_ROOT;XIRECS;10351.0;4
349500;;;ASH_COATED_OSMIUM;XIRECS;9999.0;6
349500;;;INTARIAN_PEPPER_ROOT;XIRECS;10344.0;7
350200;;;INTARIAN_PEPPER_ROOT;XIRECS;10356.0;5
351800;;;ASH_COATED_OSMIUM;XIRECS;10003.0;4
352000;;;INTARIAN_PEPPER_ROOT;XIRECS;10355.0;8
354200;;;ASH_COATED_OSMIUM;XIRECS;9986.0;6
354700;;;ASH_COATED_OSMIUM;XIRECS;10003.0;4
355900;;;ASH_COATED_OSMIUM;XIRECS;10006.0;6
357200;;;INTARIAN_PEPPER_ROOT;XIRECS;10352.0;6
358100;;;INTARIAN_PEPPER_ROOT;XIRECS;10360.0;7
361700;;;ASH_COATED_OSMIUM;XIRECS;10005.0;2
362100;;;INTARIAN_PEPPER_ROOT;XIRECS;10356.0;6
363400;;;INTARIAN_PEPPER_ROOT;XIRECS;10358.0;5
364000;;;ASH_COATED_OSMIUM;XIRECS;10007.0;9
367100;;;ASH_COATED_OSMIUM;XIRECS;10007.0;5
368100;;;ASH_COATED_OSMIUM;XIRECS;10009.0;6
370400;;;ASH_COATED_OSMIUM;XIRECS;9993.0;6
370700;;;ASH_COATED_OSMIUM;XIRECS;9993.0;8
372600;;;ASH_COATED_OSMIUM;XIRECS;9990.0;6
372700;;;INTARIAN_PEPPER_ROOT;XIRECS;10364.0;3
377700;;;INTARIAN_PEPPER_ROOT;XIRECS;10383.0;6
377800;;;ASH_COATED_OSMIUM;XIRECS;10008.0;7
379600;;;ASH_COATED_OSMIUM;XIRECS;9994.0;2
382000;;;INTARIAN_PEPPER_ROOT;XIRECS;10388.0;5
383600;;;INTARIAN_PEPPER_ROOT;XIRECS;10380.0;3
385000;;;ASH_COATED_OSMIUM;XIRECS;10005.0;4
387100;;;ASH_COATED_OSMIUM;XIRECS;10010.0;3
387100;;;ASH_COATED_OSMIUM;XIRECS;9994.0;5
387800;;;INTARIAN_PEPPER_ROOT;XIRECS;10393.0;5
388800;;;INTARIAN_PEPPER_ROOT;XIRECS;10383.0;3
390000;;;ASH_COATED_OSMIUM;XIRECS;9995.0;5
391500;;;ASH_COATED_OSMIUM;XIRECS;9992.0;7
394100;;;ASH_COATED_OSMIUM;XIRECS;10013.0;7
394900;;;INTARIAN_PEPPER_ROOT;XIRECS;10387.0;7
395400;;;INTARIAN_PEPPER_ROOT;XIRECS;10398.0;7
395900;;;ASH_COATED_OSMIUM;XIRECS;9996.0;3
396000;;;INTARIAN_PEPPER_ROOT;XIRECS;10390.0;4
396400;;;ASH_COATED_OSMIUM;XIRECS;9996.0;8
399900;;;ASH_COATED_OSMIUM;XIRECS;9995.0;9
401400;;;ASH_COATED_OSMIUM;XIRECS;9995.0;6
402300;;;ASH_COATED_OSMIUM;XIRECS;10014.0;7
402600;;;INTARIAN_PEPPER_ROOT;XIRECS;10394.0;3
402900;;;INTARIAN_PEPPER_ROOT;XIRECS;10397.0;7
403200;;;ASH_COATED_OSMIUM;XIRECS;9999.0;5
403700;;;INTARIAN_PEPPER_ROOT;XIRECS;10395.0;5
404200;;;ASH_COATED_OSMIUM;XIRECS;10010.0;6
407200;;;INTARIAN_PEPPER_ROOT;XIRECS;10404.0;7
407500;;;INTARIAN_PEPPER_ROOT;XIRECS;10413.0;5
410900;;;INTARIAN_PEPPER_ROOT;XIRECS;10417.0;3
412200;;;ASH_COATED_OSMIUM;XIRECS;9997.0;2
413000;;;INTARIAN_PEPPER_ROOT;XIRECS;10416.0;3
414900;;;ASH_COATED_OSMIUM;XIRECS;9998.0;8
416800;;;ASH_COATED_OSMIUM;XIRECS;10018.0;9
417000;;;ASH_COATED_OSMIUM;XIRECS;10000.0;6
418000;;;ASH_COATED_OSMIUM;XIRECS;10018.0;6
419500;;;INTARIAN_PEPPER_ROOT;XIRECS;10425.0;6
430400;;;INTARIAN_PEPPER_ROOT;XIRECS;10422.0;5
433200;;;INTARIAN_PEPPER_ROOT;XIRECS;10439.0;7
433600;;;INTARIAN_PEPPER_ROOT;XIRECS;10442.0;7
434800;;;INTARIAN_PEPPER_ROOT;XIRECS;10441.0;4
436300;;;ASH_COATED_OSMIUM;XIRECS;9999.0;3
438600;;;ASH_COATED_OSMIUM;XIRECS;9995.0;6
439300;;;ASH_COATED_OSMIUM;XIRECS;9992.0;10
441100;;;ASH_COATED_OSMIUM;XIRECS;9994.0;7
442400;;;INTARIAN_PEPPER_ROOT;XIRECS;10439.0;8
443400;;;INTARIAN_PEPPER_ROOT;XIRECS;10440.0;6
444100;;;ASH_COATED_OSMIUM;XIRECS;10008.0;4
447000;;;ASH_COATED_OSMIUM;XIRECS;10009.0;9
449800;;;ASH_COATED_OSMIUM;XIRECS;9989.0;3
450700;;;ASH_COATED_OSMIUM;XIRECS;10007.0;6
452000;;;ASH_COATED_OSMIUM;XIRECS;10006.0;2
453900;;;ASH_COATED_OSMIUM;XIRECS;9992.0;2
454100;;;ASH_COATED_OSMIUM;XIRECS;10007.0;6
454200;;;ASH_COATED_OSMIUM;XIRECS;9997.0;3
454800;;;ASH_COATED_OSMIUM;XIRECS;9993.0;4
455100;;;ASH_COATED_OSMIUM;XIRECS;9993.0;7
455800;;;ASH_COATED_OSMIUM;XIRECS;9993.0;5
457900;;;INTARIAN_PEPPER_ROOT;XIRECS;10452.0;4
460600;;;ASH_COATED_OSMIUM;XIRECS;10010.0;6
461000;;;INTARIAN_PEPPER_ROOT;XIRECS;10467.0;5
462400;;;ASH_COATED_OSMIUM;XIRECS;10010.0;6
463200;;;ASH_COATED_OSMIUM;XIRECS;9993.0;3
467000;;;INTARIAN_PEPPER_ROOT;XIRECS;10473.0;6
468800;;;INTARIAN_PEPPER_ROOT;XIRECS;10463.0;6
469100;;;INTARIAN_PEPPER_ROOT;XIRECS;10463.0;3
469900;;;ASH_COATED_OSMIUM;XIRECS;9992.0;2
472500;;;ASH_COATED_OSMIUM;XIRECS;9994.0;5
472900;;;INTARIAN_PEPPER_ROOT;XIRECS;10467.0;3
473000;;;ASH_COATED_OSMIUM;XIRECS;10010.0;5
473700;;;INTARIAN_PEPPER_ROOT;XIRECS;10468.0;3
475500;;;INTARIAN_PEPPER_ROOT;XIRECS;10481.0;7
475900;;;ASH_COATED_OSMIUM;XIRECS;10009.0;5
478200;;;INTARIAN_PEPPER_ROOT;XIRECS;10481.0;6
479000;;;ASH_COATED_OSMIUM;XIRECS;9991.0;2
479500;;;ASH_COATED_OSMIUM;XIRECS;10010.0;4
481100;;;ASH_COATED_OSMIUM;XIRECS;9995.0;3
481300;;;INTARIAN_PEPPER_ROOT;XIRECS;10490.0;4
481400;;;ASH_COATED_OSMIUM;XIRECS;9994.0;6
483200;;;ASH_COATED_OSMIUM;XIRECS;10011.0;3
485200;;;ASH_COATED_OSMIUM;XIRECS;10012.0;4
486000;;;ASH_COATED_OSMIUM;XIRECS;9992.0;4
487400;;;INTARIAN_PEPPER_ROOT;XIRECS;10493.0;6
489600;;;INTARIAN_PEPPER_ROOT;XIRECS;10486.0;6
491100;;;ASH_COATED_OSMIUM;XIRECS;10003.0;2
493600;;;ASH_COATED_OSMIUM;XIRECS;9986.0;3
495400;;;ASH_COATED_OSMIUM;XIRECS;10005.0;3
496700;;;ASH_COATED_OSMIUM;XIRECS;9988.0;3
498400;;;ASH_COATED_OSMIUM;XIRECS;9985.0;4
499700;;;ASH_COATED_OSMIUM;XIRECS;10002.0;9
501200;;;INTARIAN_PEPPER_ROOT;XIRECS;10507.0;5
502300;;;INTARIAN_PEPPER_ROOT;XIRECS;10497.0;3
503300;;;ASH_COATED_OSMIUM;XIRECS;9983.0;3
504200;;;ASH_COATED_OSMIUM;XIRECS;9986.0;6
505500;;;INTARIAN_PEPPER_ROOT;XIRECS;10511.0;5
506600;;;ASH_COATED_OSMIUM;XIRECS;9984.0;7
507600;;;INTARIAN_PEPPER_ROOT;XIRECS;10513.0;3
508100;;;INTARIAN_PEPPER_ROOT;XIRECS;10511.0;6
509500;;;INTARIAN_PEPPER_ROOT;XIRECS;10504.0;5
511400;;;INTARIAN_PEPPER_ROOT;XIRECS;10508.0;3
512000;;;INTARIAN_PEPPER_ROOT;XIRECS;10506.0;3
512400;;;ASH_COATED_OSMIUM;XIRECS;10000.0;7
514700;;;INTARIAN_PEPPER_ROOT;XIRECS;10509.0;7
515100;;;ASH_COATED_OSMIUM;XIRECS;9984.0;6
515800;;;ASH_COATED_OSMIUM;XIRECS;9982.0;6
516500;;;ASH_COATED_OSMIUM;XIRECS;9997.0;3
517000;;;ASH_COATED_OSMIUM;XIRECS;9998.0;4
520500;;;INTARIAN_PEPPER_ROOT;XIRECS;10515.0;6
522200;;;INTARIAN_PEPPER_ROOT;XIRECS;10516.0;6
523000;;;INTARIAN_PEPPER_ROOT;XIRECS;10519.0;8
524900;;;ASH_COATED_OSMIUM;XIRECS;9986.0;3
525600;;;ASH_COATED_OSMIUM;XIRECS;9986.0;8
526200;;;INTARIAN_PEPPER_ROOT;XIRECS;10523.0;3
526400;;;ASH_COATED_OSMIUM;XIRECS;10006.0;4
526900;;;ASH_COATED_OSMIUM;XIRECS;9986.0;6
528000;;;INTARIAN_PEPPER_ROOT;XIRECS;10524.0;4
528200;;;ASH_COATED_OSMIUM;XIRECS;9986.0;4
528400;;;ASH_COATED_OSMIUM;XIRECS;10002.0;6
529500;;;ASH_COATED_OSMIUM;XIRECS;9987.0;9
530100;;;INTARIAN_PEPPER_ROOT;XIRECS;10533.0;6
530500;;;ASH_COATED_OSMIUM;XIRECS;10003.0;4
531300;;;ASH_COATED_OSMIUM;XIRECS;9987.0;6
532800;;;ASH_COATED_OSMIUM;XIRECS;9992.0;2
532900;;;ASH_COATED_OSMIUM;XIRECS;10002.0;4
533500;;;INTARIAN_PEPPER_ROOT;XIRECS;10528.0;7
533800;;;INTARIAN_PEPPER_ROOT;XIRECS;10540.0;6
534200;;;ASH_COATED_OSMIUM;XIRECS;9986.0;6
535700;;;INTARIAN_PEPPER_ROOT;XIRECS;10532.0;5
537900;;;ASH_COATED_OSMIUM;XIRECS;9985.0;10
537900;;;INTARIAN_PEPPER_ROOT;XIRECS;10540.0;6
539300;;;ASH_COATED_OSMIUM;XIRECS;10003.0;8
543000;;;INTARIAN_PEPPER_ROOT;XIRECS;10546.0;7
543700;;;ASH_COATED_OSMIUM;XIRECS;9984.0;6
543700;;;ASH_COATED_OSMIUM;XIRECS;9984.0;6
543900;;;ASH_COATED_OSMIUM;XIRECS;9984.0;2
545000;;;INTARIAN_PEPPER_ROOT;XIRECS;10551.0;7
545500;;;ASH_COATED_OSMIUM;XIRECS;9992.0;3
546300;;;ASH_COATED_OSMIUM;XIRECS;10001.0;3
546800;;;INTARIAN_PEPPER_ROOT;XIRECS;10553.0;7
547100;;;INTARIAN_PEPPER_ROOT;XIRECS;10543.0;5
547500;;;ASH_COATED_OSMIUM;XIRECS;9982.0;8
547700;;;INTARIAN_PEPPER_ROOT;XIRECS;10553.0;7
548400;;;ASH_COATED_OSMIUM;XIRECS;9979.0;9
549600;;;ASH_COATED_OSMIUM;XIRECS;9998.0;5
550400;;;INTARIAN_PEPPER_ROOT;XIRECS;10559.0;7
551300;;;ASH_COATED_OSMIUM;XIRECS;9984.0;5
554800;;;ASH_COATED_OSMIUM;XIRECS;9998.0;2
556700;;;ASH_COATED_OSMIUM;XIRECS;9984.0;6
557600;;;ASH_COATED_OSMIUM;XIRECS;9999.0;4
560900;;;INTARIAN_PEPPER_ROOT;XIRECS;10567.0;7
565000;;;ASH_COATED_OSMIUM;XIRECS;9999.0;4
566200;;;ASH_COATED_OSMIUM;XIRECS;9983.0;10
567300;;;ASH_COATED_OSMIUM;XIRECS;10001.0;8
570300;;;INTARIAN_PEPPER_ROOT;XIRECS;10565.0;4
571800;;;ASH_COATED_OSMIUM;XIRECS;9986.0;3
571800;;;INTARIAN_PEPPER_ROOT;XIRECS;10574.0;3
573700;;;ASH_COATED_OSMIUM;XIRECS;9988.0;10
573900;;;ASH_COATED_OSMIUM;XIRECS;10007.0;5
574400;;;INTARIAN_PEPPER_ROOT;XIRECS;10577.0;6
574500;;;ASH_COATED_OSMIUM;XIRECS;10007.0;6
575600;;;INTARIAN_PEPPER_ROOT;XIRECS;10570.0;5
578700;;;ASH_COATED_OSMIUM;XIRECS;9993.0;4
583100;;;INTARIAN_PEPPER_ROOT;XIRECS;10589.0;5
583300;;;ASH_COATED_OSMIUM;XIRECS;9987.0;6
585300;;;INTARIAN_PEPPER_ROOT;XIRECS;10580.0;7
586100;;;INTARIAN_PEPPER_ROOT;XIRECS;10592.0;6
586900;;;INTARIAN_PEPPER_ROOT;XIRECS;10581.0;6
587000;;;ASH_COATED_OSMIUM;XIRECS;9999.0;6
590600;;;INTARIAN_PEPPER_ROOT;XIRECS;10596.0;5
593300;;;INTARIAN_PEPPER_ROOT;XIRECS;10588.0;3
597300;;;INTARIAN_PEPPER_ROOT;XIRECS;10603.0;3
597600;;;INTARIAN_PEPPER_ROOT;XIRECS;10592.0;4
599500;;;ASH_COATED_OSMIUM;XIRECS;9996.0;3
601400;;;INTARIAN_PEPPER_ROOT;XIRECS;10596.0;6
601700;;;INTARIAN_PEPPER_ROOT;XIRECS;10610.0;3
606100;;;ASH_COATED_OSMIUM;XIRECS;9983.0;4
609200;;;INTARIAN_PEPPER_ROOT;XIRECS;10618.0;3
609300;;;ASH_COATED_OSMIUM;XIRECS;9983.0;6
610400;;;INTARIAN_PEPPER_ROOT;XIRECS;10613.0;7
610500;;;ASH_COATED_OSMIUM;XIRECS;9996.0;4
611200;;;INTARIAN_PEPPER_ROOT;XIRECS;10608.0;4
611500;;;ASH_COATED_OSMIUM;XIRECS;9986.0;8
612200;;;ASH_COATED_OSMIUM;XIRECS;10004.0;3
612600;;;INTARIAN_PEPPER_ROOT;XIRECS;10604.0;5
613000;;;INTARIAN_PEPPER_ROOT;XIRECS;10621.0;3
613900;;;INTARIAN_PEPPER_ROOT;XIRECS;10620.0;5
614900;;;INTARIAN_PEPPER_ROOT;XIRECS;10611.0;5
615400;;;INTARIAN_PEPPER_ROOT;XIRECS;10610.0;5
623800;;;ASH_COATED_OSMIUM;XIRECS;10003.0;5
624100;;;ASH_COATED_OSMIUM;XIRECS;9987.0;4
624700;;;ASH_COATED_OSMIUM;XIRECS;10004.0;4
625500;;;INTARIAN_PEPPER_ROOT;XIRECS;10631.0;3
628300;;;INTARIAN_PEPPER_ROOT;XIRECS;10622.0;5
628400;;;INTARIAN_PEPPER_ROOT;XIRECS;10620.0;6
628700;;;INTARIAN_PEPPER_ROOT;XIRECS;10631.0;5
631400;;;INTARIAN_PEPPER_ROOT;XIRECS;10637.0;4
635000;;;ASH_COATED_OSMIUM;XIRECS;10007.0;9
636400;;;INTARIAN_PEPPER_ROOT;XIRECS;10642.0;3
637400;;;ASH_COATED_OSMIUM;XIRECS;9989.0;2
638000;;;ASH_COATED_OSMIUM;XIRECS;9987.0;8
639200;;;INTARIAN_PEPPER_ROOT;XIRECS;10631.0;3
640500;;;INTARIAN_PEPPER_ROOT;XIRECS;10646.0;7
642800;;;ASH_COATED_OSMIUM;XIRECS;9988.0;6
644300;;;ASH_COATED_OSMIUM;XIRECS;10004.0;2
644600;;;INTARIAN_PEPPER_ROOT;XIRECS;10639.0;6
645800;;;ASH_COATED_OSMIUM;XIRECS;10005.0;10
648000;;;INTARIAN_PEPPER_ROOT;XIRECS;10654.0;3
648100;;;ASH_COATED_OSMIUM;XIRECS;10006.0;3
648300;;;ASH_COATED_OSMIUM;XIRECS;9988.0;10
648800;;;ASH_COATED_OSMIUM;XIRECS;10005.0;5
649200;;;ASH_COATED_OSMIUM;XIRECS;10005.0;4
650300;;;INTARIAN_PEPPER_ROOT;XIRECS;10644.0;7
652900;;;INTARIAN_PEPPER_ROOT;XIRECS;10659.0;3
653100;;;ASH_COATED_OSMIUM;XIRECS;10004.0;4
654100;;;INTARIAN_PEPPER_ROOT;XIRECS;10646.0;4
654200;;;INTARIAN_PEPPER_ROOT;XIRECS;10660.0;3
655500;;;INTARIAN_PEPPER_ROOT;XIRECS;10652.0;6
656500;;;ASH_COATED_OSMIUM;XIRECS;9990.0;9
657300;;;ASH_COATED_OSMIUM;XIRECS;9996.0;3
658600;;;ASH_COATED_OSMIUM;XIRECS;10006.0;2
659100;;;INTARIAN_PEPPER_ROOT;XIRECS;10655.0;4
659500;;;ASH_COATED_OSMIUM;XIRECS;9988.0;6
659700;;;ASH_COATED_OSMIUM;XIRECS;10007.0;5
660600;;;ASH_COATED_OSMIUM;XIRECS;10006.0;2
662300;;;ASH_COATED_OSMIUM;XIRECS;10005.0;3
662300;;;INTARIAN_PEPPER_ROOT;XIRECS;10668.0;4
662600;;;INTARIAN_PEPPER_ROOT;XIRECS;10659.0;3
664800;;;ASH_COATED_OSMIUM;XIRECS;9988.0;4
669500;;;INTARIAN_PEPPER_ROOT;XIRECS;10675.0;6
669700;;;ASH_COATED_OSMIUM;XIRECS;10005.0;10
671700;;;INTARIAN_PEPPER_ROOT;XIRECS;10666.0;7
671900;;;ASH_COATED_OSMIUM;XIRECS;9984.0;3
674700;;;ASH_COATED_OSMIUM;XIRECS;10003.0;5
676600;;;INTARIAN_PEPPER_ROOT;XIRECS;10682.0;3
679200;;;ASH_COATED_OSMIUM;XIRECS;9985.0;7
680000;;;ASH_COATED_OSMIUM;XIRECS;10004.0;6
681300;;;INTARIAN_PEPPER_ROOT;XIRECS;10679.0;7
687000;;;ASH_COATED_OSMIUM;XIRECS;10005.0;8
687800;;;INTARIAN_PEPPER_ROOT;XIRECS;10691.0;5
687900;;;ASH_COATED_OSMIUM;XIRECS;9990.0;4
688100;;;INTARIAN_PEPPER_ROOT;XIRECS;10697.0;3
693200;;;INTARIAN_PEPPER_ROOT;XIRECS;10689.0;5
694200;;;ASH_COATED_OSMIUM;XIRECS;9992.0;3
698100;;;ASH_COATED_OSMIUM;XIRECS;9991.0;2
698300;;;INTARIAN_PEPPER_ROOT;XIRECS;10704.0;3
699900;;;ASH_COATED_OSMIUM;XIRECS;9991.0;9
700600;;;ASH_COATED_OSMIUM;XIRECS;9991.0;3
701400;;;INTARIAN_PEPPER_ROOT;XIRECS;10707.0;3
703900;;;INTARIAN_PEPPER_ROOT;XIRECS;10698.0;3
706600;;;ASH_COATED_OSMIUM;XIRECS;10011.0;9
709300;;;INTARIAN_PEPPER_ROOT;XIRECS;10715.0;5
710100;;;ASH_COATED_OSMIUM;XIRECS;9992.0;3
710500;;;ASH_COATED_OSMIUM;XIRECS;10008.0;6
711700;;;INTARIAN_PEPPER_ROOT;XIRECS;10706.0;7
712400;;;ASH_COATED_OSMIUM;XIRECS;9991.0;5
713000;;;INTARIAN_PEPPER_ROOT;XIRECS;10719.0;6
713700;;;ASH_COATED_OSMIUM;XIRECS;9990.0;4
714000;;;ASH_COATED_OSMIUM;XIRECS;10004.0;7
715000;;;ASH_COATED_OSMIUM;XIRECS;9989.0;5
715700;;;ASH_COATED_OSMIUM;XIRECS;9998.0;3
718100;;;INTARIAN_PEPPER_ROOT;XIRECS;10712.0;3
719800;;;INTARIAN_PEPPER_ROOT;XIRECS;10714.0;7
721600;;;ASH_COATED_OSMIUM;XIRECS;10006.0;5
721900;;;INTARIAN_PEPPER_ROOT;XIRECS;10716.0;6
722300;;;ASH_COATED_OSMIUM;XIRECS;9990.0;5
722800;;;ASH_COATED_OSMIUM;XIRECS;10009.0;2
723600;;;ASH_COATED_OSMIUM;XIRECS;9991.0;6
724100;;;INTARIAN_PEPPER_ROOT;XIRECS;10720.0;8
727600;;;INTARIAN_PEPPER_ROOT;XIRECS;10733.0;6
728900;;;INTARIAN_PEPPER_ROOT;XIRECS;10735.0;4
729700;;;ASH_COATED_OSMIUM;XIRECS;10008.0;4
731100;;;ASH_COATED_OSMIUM;XIRECS;9988.0;3
735400;;;ASH_COATED_OSMIUM;XIRECS;9989.0;6
738200;;;INTARIAN_PEPPER_ROOT;XIRECS;10732.0;5
742500;;;INTARIAN_PEPPER_ROOT;XIRECS;10737.0;4
742800;;;INTARIAN_PEPPER_ROOT;XIRECS;10749.0;3
745000;;;INTARIAN_PEPPER_ROOT;XIRECS;10739.0;3
745600;;;ASH_COATED_OSMIUM;XIRECS;10006.0;2
747000;;;INTARIAN_PEPPER_ROOT;XIRECS;10753.0;3
748600;;;INTARIAN_PEPPER_ROOT;XIRECS;10743.0;4
749100;;;INTARIAN_PEPPER_ROOT;XIRECS;10743.0;6
750000;;;ASH_COATED_OSMIUM;XIRECS;9988.0;9
750500;;;INTARIAN_PEPPER_ROOT;XIRECS;10747.0;3
752600;;;ASH_COATED_OSMIUM;XIRECS;10003.0;6
752900;;;ASH_COATED_OSMIUM;XIRECS;9988.0;3
753100;;;ASH_COATED_OSMIUM;XIRECS;10005.0;7
753400;;;ASH_COATED_OSMIUM;XIRECS;10004.0;2
756600;;;INTARIAN_PEPPER_ROOT;XIRECS;10762.0;5
756700;;;ASH_COATED_OSMIUM;XIRECS;10004.0;6
756700;;;ASH_COATED_OSMIUM;XIRECS;10004.0;7
759200;;;ASH_COATED_OSMIUM;XIRECS;10005.0;2
759300;;;ASH_COATED_OSMIUM;XIRECS;9989.0;5
759800;;;INTARIAN_PEPPER_ROOT;XIRECS;10763.0;5
760600;;;ASH_COATED_OSMIUM;XIRECS;10005.0;5
762200;;;ASH_COATED_OSMIUM;XIRECS;10005.0;2
763400;;;ASH_COATED_OSMIUM;XIRECS;9989.0;2
764800;;;ASH_COATED_OSMIUM;XIRECS;9988.0;8
765200;;;ASH_COATED_OSMIUM;XIRECS;10003.0;5
765600;;;INTARIAN_PEPPER_ROOT;XIRECS;10768.0;4
767800;;;INTARIAN_PEPPER_ROOT;XIRECS;10762.0;6
768500;;;ASH_COATED_OSMIUM;XIRECS;10004.0;9
771000;;;INTARIAN_PEPPER_ROOT;XIRECS;10767.0;8
771100;;;INTARIAN_PEPPER_ROOT;XIRECS;10774.0;6
773100;;;ASH_COATED_OSMIUM;XIRECS;10005.0;6
774200;;;ASH_COATED_OSMIUM;XIRECS;9990.0;4
775300;;;ASH_COATED_OSMIUM;XIRECS;10005.0;5
776400;;;ASH_COATED_OSMIUM;XIRECS;9990.0;2
776700;;;ASH_COATED_OSMIUM;XIRECS;9989.0;6
777000;;;ASH_COATED_OSMIUM;XIRECS;10008.0;6
777000;;;INTARIAN_PEPPER_ROOT;XIRECS;10771.0;6
778300;;;INTARIAN_PEPPER_ROOT;XIRECS;10784.0;6
778400;;;ASH_COATED_OSMIUM;XIRECS;9995.0;5
782000;;;INTARIAN_PEPPER_ROOT;XIRECS;10788.0;3
783900;;;INTARIAN_PEPPER_ROOT;XIRECS;10778.0;3
784100;;;INTARIAN_PEPPER_ROOT;XIRECS;10786.0;4
786600;;;ASH_COATED_OSMIUM;XIRECS;9989.0;2
787900;;;INTARIAN_PEPPER_ROOT;XIRECS;10794.0;5
788400;;;ASH_COATED_OSMIUM;XIRECS;10003.0;5
789700;;;INTARIAN_PEPPER_ROOT;XIRECS;10796.0;6
790200;;;ASH_COATED_OSMIUM;XIRECS;9988.0;3
790600;;;INTARIAN_PEPPER_ROOT;XIRECS;10787.0;4
791700;;;ASH_COATED_OSMIUM;XIRECS;9987.0;2
792800;;;ASH_COATED_OSMIUM;XIRECS;10005.0;7
794200;;;INTARIAN_PEPPER_ROOT;XIRECS;10788.0;5
794700;;;INTARIAN_PEPPER_ROOT;XIRECS;10791.0;4
795100;;;ASH_COATED_OSMIUM;XIRECS;9987.0;3
795300;;;INTARIAN_PEPPER_ROOT;XIRECS;10798.0;7
795500;;;INTARIAN_PEPPER_ROOT;XIRECS;10787.0;4
795900;;;INTARIAN_PEPPER_ROOT;XIRECS;10790.0;3
796500;;;ASH_COATED_OSMIUM;XIRECS;9986.0;4
796600;;;INTARIAN_PEPPER_ROOT;XIRECS;10793.0;6
797900;;;INTARIAN_PEPPER_ROOT;XIRECS;10806.0;6
799600;;;ASH_COATED_OSMIUM;XIRECS;10006.0;7
800000;;;INTARIAN_PEPPER_ROOT;XIRECS;10794.0;4
800100;;;ASH_COATED_OSMIUM;XIRECS;9988.0;3
801600;;;INTARIAN_PEPPER_ROOT;XIRECS;10796.0;5
801800;;;ASH_COATED_OSMIUM;XIRECS;9987.0;2
803900;;;ASH_COATED_OSMIUM;XIRECS;9986.0;2
804600;;;INTARIAN_PEPPER_ROOT;XIRECS;10811.0;5
804900;;;ASH_COATED_OSMIUM;XIRECS;10003.0;5
808400;;;ASH_COATED_OSMIUM;XIRECS;10001.0;8
809500;;;ASH_COATED_OSMIUM;XIRECS;9999.0;3
809500;;;INTARIAN_PEPPER_ROOT;XIRECS;10815.0;7
811000;;;INTARIAN_PEPPER_ROOT;XIRECS;10814.0;3
814300;;;ASH_COATED_OSMIUM;XIRECS;10002.0;3
817900;;;ASH_COATED_OSMIUM;XIRECS;9988.0;10
821000;;;ASH_COATED_OSMIUM;XIRECS;9998.0;4
822000;;;INTARIAN_PEPPER_ROOT;XIRECS;10813.0;3
822700;;;ASH_COATED_OSMIUM;XIRECS;10005.0;7
826500;;;INTARIAN_PEPPER_ROOT;XIRECS;10821.0;7
830100;;;ASH_COATED_OSMIUM;XIRECS;9990.0;5
830500;;;ASH_COATED_OSMIUM;XIRECS;10009.0;6
830700;;;ASH_COATED_OSMIUM;XIRECS;9991.0;9
831800;;;ASH_COATED_OSMIUM;XIRECS;10011.0;2
832300;;;ASH_COATED_OSMIUM;XIRECS;10010.0;4
832500;;;INTARIAN_PEPPER_ROOT;XIRECS;10838.0;3
833300;;;ASH_COATED_OSMIUM;XIRECS;9996.0;8
834300;;;ASH_COATED_OSMIUM;XIRECS;10011.0;5
835200;;;ASH_COATED_OSMIUM;XIRECS;10011.0;2
835400;;;INTARIAN_PEPPER_ROOT;XIRECS;10829.0;3
836900;;;ASH_COATED_OSMIUM;XIRECS;9995.0;5
837000;;;ASH_COATED_OSMIUM;XIRECS;10014.0;4
839600;;;INTARIAN_PEPPER_ROOT;XIRECS;10846.0;5
840000;;;ASH_COATED_OSMIUM;XIRECS;10010.0;5
840000;;;INTARIAN_PEPPER_ROOT;XIRECS;10834.0;6
840200;;;INTARIAN_PEPPER_ROOT;XIRECS;10846.0;4
840600;;;INTARIAN_PEPPER_ROOT;XIRECS;10835.0;6
841100;;;ASH_COATED_OSMIUM;XIRECS;9995.0;5
841200;;;INTARIAN_PEPPER_ROOT;XIRECS;10850.0;4
841700;;;INTARIAN_PEPPER_ROOT;XIRECS;10848.0;7
842200;;;ASH_COATED_OSMIUM;XIRECS;9996.0;5
844700;;;INTARIAN_PEPPER_ROOT;XIRECS;10839.0;6
845800;;;INTARIAN_PEPPER_ROOT;XIRECS;10837.0;4
846300;;;ASH_COATED_OSMIUM;XIRECS;10011.0;5
850000;;;ASH_COATED_OSMIUM;XIRECS;9996.0;10
850600;;;ASH_COATED_OSMIUM;XIRECS;9992.0;3
851200;;;ASH_COATED_OSMIUM;XIRECS;10011.0;6
851800;;;INTARIAN_PEPPER_ROOT;XIRECS;10860.0;4
853400;;;ASH_COATED_OSMIUM;XIRECS;9993.0;4
858400;;;ASH_COATED_OSMIUM;XIRECS;9993.0;5
858600;;;ASH_COATED_OSMIUM;XIRECS;9993.0;5
858600;;;ASH_COATED_OSMIUM;XIRECS;9993.0;5
864600;;;INTARIAN_PEPPER_ROOT;XIRECS;10859.0;5
867300;;;ASH_COATED_OSMIUM;XIRECS;9997.0;8
868000;;;INTARIAN_PEPPER_ROOT;XIRECS;10864.0;3
868500;;;INTARIAN_PEPPER_ROOT;XIRECS;10866.0;6
869200;;;INTARIAN_PEPPER_ROOT;XIRECS;10878.0;4
870000;;;INTARIAN_PEPPER_ROOT;XIRECS;10866.0;5
874800;;;ASH_COATED_OSMIUM;XIRECS;10013.0;2
875400;;;INTARIAN_PEPPER_ROOT;XIRECS;10881.0;6
876400;;;ASH_COATED_OSMIUM;XIRECS;10013.0;2
878100;;;ASH_COATED_OSMIUM;XIRECS;10012.0;4
883900;;;INTARIAN_PEPPER_ROOT;XIRECS;10875.0;5
888900;;;INTARIAN_PEPPER_ROOT;XIRECS;10895.0;3
891300;;;ASH_COATED_OSMIUM;XIRECS;10008.0;10
892800;;;ASH_COATED_OSMIUM;XIRECS;10008.0;5
893700;;;INTARIAN_PEPPER_ROOT;XIRECS;10900.0;5
894100;;;INTARIAN_PEPPER_ROOT;XIRECS;10900.0;6
895700;;;ASH_COATED_OSMIUM;XIRECS;10010.0;4
896800;;;INTARIAN_PEPPER_ROOT;XIRECS;10891.0;3
898400;;;ASH_COATED_OSMIUM;XIRECS;9995.0;9
899300;;;INTARIAN_PEPPER_ROOT;XIRECS;10905.0;3
901000;;;INTARIAN_PEPPER_ROOT;XIRECS;10904.0;7
901700;;;ASH_COATED_OSMIUM;XIRECS;9993.0;3
902500;;;ASH_COATED_OSMIUM;XIRECS;9994.0;4
902700;;;ASH_COATED_OSMIUM;XIRECS;9995.0;3
903300;;;INTARIAN_PEPPER_ROOT;XIRECS;10895.0;6
903500;;;ASH_COATED_OSMIUM;XIRECS;9994.0;5
904100;;;INTARIAN_PEPPER_ROOT;XIRECS;10910.0;5
905100;;;INTARIAN_PEPPER_ROOT;XIRECS;10899.0;3
905700;;;INTARIAN_PEPPER_ROOT;XIRECS;10900.0;7
905800;;;ASH_COATED_OSMIUM;XIRECS;9995.0;2
906100;;;ASH_COATED_OSMIUM;XIRECS;10010.0;6
907500;;;INTARIAN_PEPPER_ROOT;XIRECS;10913.0;4
910200;;;INTARIAN_PEPPER_ROOT;XIRECS;10906.0;6
910600;;;ASH_COATED_OSMIUM;XIRECS;9994.0;7
911400;;;INTARIAN_PEPPER_ROOT;XIRECS;10908.0;6
912900;;;INTARIAN_PEPPER_ROOT;XIRECS;10916.0;8
914300;;;ASH_COATED_OSMIUM;XIRECS;9993.0;4
914800;;;INTARIAN_PEPPER_ROOT;XIRECS;10918.0;4
915400;;;INTARIAN_PEPPER_ROOT;XIRECS;10907.0;5
917400;;;ASH_COATED_OSMIUM;XIRECS;9994.0;5
923300;;;ASH_COATED_OSMIUM;XIRECS;10006.0;3
923900;;;INTARIAN_PEPPER_ROOT;XIRECS;10930.0;7
924300;;;INTARIAN_PEPPER_ROOT;XIRECS;10918.0;6
924600;;;ASH_COATED_OSMIUM;XIRECS;9996.0;3
929200;;;INTARIAN_PEPPER_ROOT;XIRECS;10923.0;5
931300;;;ASH_COATED_OSMIUM;XIRECS;10013.0;8
932300;;;INTARIAN_PEPPER_ROOT;XIRECS;10926.0;3
932500;;;ASH_COATED_OSMIUM;XIRECS;9995.0;8
933500;;;ASH_COATED_OSMIUM;XIRECS;10013.0;9
933700;;;ASH_COATED_OSMIUM;XIRECS;10012.0;6
934000;;;INTARIAN_PEPPER_ROOT;XIRECS;10928.0;5
936100;;;ASH_COATED_OSMIUM;XIRECS;9995.0;4
938000;;;INTARIAN_PEPPER_ROOT;XIRECS;10941.0;4
940100;;;ASH_COATED_OSMIUM;XIRECS;9999.0;10
940600;;;ASH_COATED_OSMIUM;XIRECS;9999.0;6
941700;;;INTARIAN_PEPPER_ROOT;XIRECS;10948.0;6
942600;;;INTARIAN_PEPPER_ROOT;XIRECS;10937.0;6
943100;;;ASH_COATED_OSMIUM;XIRECS;9999.0;6
943600;;;ASH_COATED_OSMIUM;XIRECS;10004.0;2
943900;;;ASH_COATED_OSMIUM;XIRECS;9998.0;5
944100;;;INTARIAN_PEPPER_ROOT;XIRECS;10947.0;6
946000;;;ASH_COATED_OSMIUM;XIRECS;9998.0;5
947900;;;INTARIAN_PEPPER_ROOT;XIRECS;10942.0;3
951300;;;ASH_COATED_OSMIUM;XIRECS;9995.0;6
956100;;;ASH_COATED_OSMIUM;XIRECS;10010.0;6
957200;;;INTARIAN_PEPPER_ROOT;XIRECS;10951.0;7
957300;;;INTARIAN_PEPPER_ROOT;XIRECS;10951.0;3
957400;;;ASH_COATED_OSMIUM;XIRECS;10006.0;4
957500;;;INTARIAN_PEPPER_ROOT;XIRECS;10952.0;7
959400;;;ASH_COATED_OSMIUM;XIRECS;10006.0;4
960200;;;ASH_COATED_OSMIUM;XIRECS;9989.0;6
963200;;;ASH_COATED_OSMIUM;XIRECS;10005.0;6
964800;;;ASH_COATED_OSMIUM;XIRECS;10006.0;6
965400;;;INTARIAN_PEPPER_ROOT;XIRECS;10971.0;6
965600;;;INTARIAN_PEPPER_ROOT;XIRECS;10960.0;5
965900;;;INTARIAN_PEPPER_ROOT;XIRECS;10972.0;3
966000;;;ASH_COATED_OSMIUM;XIRECS;9987.0;6
967000;;;ASH_COATED_OSMIUM;XIRECS;10004.0;8
973400;;;ASH_COATED_OSMIUM;XIRECS;9986.0;8
973700;;;ASH_COATED_OSMIUM;XIRECS;10002.0;2
973900;;;INTARIAN_PEPPER_ROOT;XIRECS;10980.0;6
974900;;;ASH_COATED_OSMIUM;XIRECS;9986.0;6
976500;;;ASH_COATED_OSMIUM;XIRECS;9985.0;6
977100;;;ASH_COATED_OSMIUM;XIRECS;10001.0;7
980800;;;ASH_COATED_OSMIUM;XIRECS;10000.0;3
981900;;;INTARIAN_PEPPER_ROOT;XIRECS;10985.0;3
982600;;;INTARIAN_PEPPER_ROOT;XIRECS;10974.0;7
985200;;;INTARIAN_PEPPER_ROOT;XIRECS;10994.0;4
988000;;;ASH_COATED_OSMIUM;XIRECS;9981.0;4
989100;;;INTARIAN_PEPPER_ROOT;XIRECS;10980.0;6
992000;;;ASH_COATED_OSMIUM;XIRECS;9983.0;4
994200;;;ASH_COATED_OSMIUM;XIRECS;10002.0;2
995300;;;ASH_COATED_OSMIUM;XIRECS;10001.0;6
997500;;;INTARIAN_PEPPER_ROOT;XIRECS;10992.0;7
2800;;;ASH_COATED_OSMIUM;XIRECS;9985.0;10
3000;;;INTARIAN_PEPPER_ROOT;XIRECS;10999.0;8
4200;;;INTARIAN_PEPPER_ROOT;XIRECS;10995.0;4
5200;;;ASH_COATED_OSMIUM;XIRECS;10004.0;6
5200;;;ASH_COATED_OSMIUM;XIRECS;9986.0;9
6300;;;INTARIAN_PEPPER_ROOT;XIRECS;11000.0;4
7500;;;ASH_COATED_OSMIUM;XIRECS;10003.0;6
9000;;;ASH_COATED_OSMIUM;XIRECS;10004.0;10
13000;;;ASH_COATED_OSMIUM;XIRECS;10005.0;2
14600;;;ASH_COATED_OSMIUM;XIRECS;10007.0;5
14900;;;ASH_COATED_OSMIUM;XIRECS;10007.0;5
16600;;;ASH_COATED_OSMIUM;XIRECS;9992.0;2
17200;;;ASH_COATED_OSMIUM;XIRECS;9994.0;5
17900;;;INTARIAN_PEPPER_ROOT;XIRECS;11012.0;6
18700;;;ASH_COATED_OSMIUM;XIRECS;9998.0;5
19300;;;ASH_COATED_OSMIUM;XIRECS;10008.0;3
19700;;;INTARIAN_PEPPER_ROOT;XIRECS;11011.0;7
20900;;;ASH_COATED_OSMIUM;XIRECS;9992.0;2
21500;;;ASH_COATED_OSMIUM;XIRECS;10008.0;6
23100;;;ASH_COATED_OSMIUM;XIRECS;10010.0;5
24100;;;INTARIAN_PEPPER_ROOT;XIRECS;11030.0;5
25300;;;ASH_COATED_OSMIUM;XIRECS;10008.0;6
25800;;;INTARIAN_PEPPER_ROOT;XIRECS;11029.0;3
25900;;;ASH_COATED_OSMIUM;XIRECS;10009.0;6
26300;;;ASH_COATED_OSMIUM;XIRECS;10008.0;9
28200;;;INTARIAN_PEPPER_ROOT;XIRECS;11034.0;6
29100;;;INTARIAN_PEPPER_ROOT;XIRECS;11035.0;6
31600;;;INTARIAN_PEPPER_ROOT;XIRECS;11034.0;3
34900;;;INTARIAN_PEPPER_ROOT;XIRECS;11044.0;6
35000;;;INTARIAN_PEPPER_ROOT;XIRECS;11038.0;8
35900;;;ASH_COATED_OSMIUM;XIRECS;9992.0;2
38500;;;INTARIAN_PEPPER_ROOT;XIRECS;11032.0;4
38700;;;INTARIAN_PEPPER_ROOT;XIRECS;11035.0;5
40000;;;INTARIAN_PEPPER_ROOT;XIRECS;11036.0;5
40300;;;INTARIAN_PEPPER_ROOT;XIRECS;11034.0;4
40400;;;INTARIAN_PEPPER_ROOT;XIRECS;11046.0;3
41900;;;INTARIAN_PEPPER_ROOT;XIRECS;11048.0;5
42700;;;INTARIAN_PEPPER_ROOT;XIRECS;11049.0;6
44700;;;ASH_COATED_OSMIUM;XIRECS;10008.0;5
44800;;;INTARIAN_PEPPER_ROOT;XIRECS;11039.0;4
46700;;;ASH_COATED_OSMIUM;XIRECS;9992.0;6
47600;;;ASH_COATED_OSMIUM;XIRECS;9993.0;4
50300;;;ASH_COATED_OSMIUM;XIRECS;10008.0;4
51200;;;ASH_COATED_OSMIUM;XIRECS;10006.0;7
51700;;;ASH_COATED_OSMIUM;XIRECS;10009.0;2
52800;;;ASH_COATED_OSMIUM;XIRECS;9990.0;5
52900;;;INTARIAN_PEPPER_ROOT;XIRECS;11047.0;5
53100;;;INTARIAN_PEPPER_ROOT;XIRECS;11049.0;4
54200;;;ASH_COATED_OSMIUM;XIRECS;10004.0;6
56500;;;ASH_COATED_OSMIUM;XIRECS;10005.0;6
57200;;;ASH_COATED_OSMIUM;XIRECS;10001.0;3
57700;;;ASH_COATED_OSMIUM;XIRECS;9996.0;8
58000;;;ASH_COATED_OSMIUM;XIRECS;10006.0;3
62000;;;ASH_COATED_OSMIUM;XIRECS;9989.0;3
62400;;;ASH_COATED_OSMIUM;XIRECS;9991.0;2
63900;;;INTARIAN_PEPPER_ROOT;XIRECS;11067.0;7
69900;;;ASH_COATED_OSMIUM;XIRECS;9991.0;8
70500;;;INTARIAN_PEPPER_ROOT;XIRECS;11067.0;3
71300;;;ASH_COATED_OSMIUM;XIRECS;10007.0;6
73900;;;INTARIAN_PEPPER_ROOT;XIRECS;11068.0;7
74000;;;ASH_COATED_OSMIUM;XIRECS;9993.0;3
74000;;;INTARIAN_PEPPER_ROOT;XIRECS;11080.0;5
74200;;;ASH_COATED_OSMIUM;XIRECS;9991.0;2
75700;;;ASH_COATED_OSMIUM;XIRECS;10010.0;4
76600;;;ASH_COATED_OSMIUM;XIRECS;10010.0;4
76800;;;INTARIAN_PEPPER_ROOT;XIRECS;11083.0;6
76900;;;ASH_COATED_OSMIUM;XIRECS;10010.0;4
77300;;;ASH_COATED_OSMIUM;XIRECS;9993.0;5
78000;;;ASH_COATED_OSMIUM;XIRECS;10011.0;2
81000;;;INTARIAN_PEPPER_ROOT;XIRECS;11072.0;5
81700;;;INTARIAN_PEPPER_ROOT;XIRECS;11088.0;6
81900;;;INTARIAN_PEPPER_ROOT;XIRECS;11088.0;5
83100;;;INTARIAN_PEPPER_ROOT;XIRECS;11089.0;7
88400;;;ASH_COATED_OSMIUM;XIRECS;10010.0;4
88700;;;INTARIAN_PEPPER_ROOT;XIRECS;11083.0;3
88800;;;INTARIAN_PEPPER_ROOT;XIRECS;11083.0;3
89700;;;ASH_COATED_OSMIUM;XIRECS;10013.0;8
94600;;;INTARIAN_PEPPER_ROOT;XIRECS;11091.0;7
98200;;;ASH_COATED_OSMIUM;XIRECS;10007.0;9
98400;;;INTARIAN_PEPPER_ROOT;XIRECS;11104.0;3
99400;;;INTARIAN_PEPPER_ROOT;XIRECS;11096.0;8
100500;;;ASH_COATED_OSMIUM;XIRECS;9990.0;5
101000;;;INTARIAN_PEPPER_ROOT;XIRECS;11097.0;4
101100;;;ASH_COATED_OSMIUM;XIRECS;9990.0;2
101900;;;ASH_COATED_OSMIUM;XIRECS;10006.0;6
102000;;;ASH_COATED_OSMIUM;XIRECS;9988.0;2
103000;;;ASH_COATED_OSMIUM;XIRECS;9992.0;5
104800;;;ASH_COATED_OSMIUM;XIRECS;9992.0;6
108800;;;INTARIAN_PEPPER_ROOT;XIRECS;11115.0;5
113600;;;INTARIAN_PEPPER_ROOT;XIRECS;11111.0;4
117400;;;ASH_COATED_OSMIUM;XIRECS;10007.0;9
118100;;;ASH_COATED_OSMIUM;XIRECS;9991.0;3
120600;;;INTARIAN_PEPPER_ROOT;XIRECS;11115.0;6
121900;;;INTARIAN_PEPPER_ROOT;XIRECS;11128.0;4
122600;;;INTARIAN_PEPPER_ROOT;XIRECS;11117.0;7
123400;;;INTARIAN_PEPPER_ROOT;XIRECS;11132.0;5
123500;;;ASH_COATED_OSMIUM;XIRECS;10008.0;6
124900;;;INTARIAN_PEPPER_ROOT;XIRECS;11119.0;6
125400;;;INTARIAN_PEPPER_ROOT;XIRECS;11131.0;7
125500;;;ASH_COATED_OSMIUM;XIRECS;9988.0;10
126600;;;ASH_COATED_OSMIUM;XIRECS;9988.0;6
128000;;;INTARIAN_PEPPER_ROOT;XIRECS;11122.0;7
128700;;;INTARIAN_PEPPER_ROOT;XIRECS;11125.0;3
128900;;;ASH_COATED_OSMIUM;XIRECS;9987.0;3
130100;;;ASH_COATED_OSMIUM;XIRECS;9986.0;2
130400;;;ASH_COATED_OSMIUM;XIRECS;10002.0;6
131300;;;ASH_COATED_OSMIUM;XIRECS;10003.0;10
131500;;;INTARIAN_PEPPER_ROOT;XIRECS;11125.0;3
132100;;;ASH_COATED_OSMIUM;XIRECS;9988.0;3
132200;;;INTARIAN_PEPPER_ROOT;XIRECS;11126.0;7
133100;;;INTARIAN_PEPPER_ROOT;XIRECS;11139.0;6
136100;;;INTARIAN_PEPPER_ROOT;XIRECS;11132.0;6
137700;;;ASH_COATED_OSMIUM;XIRECS;9989.0;3
139300;;;INTARIAN_PEPPER_ROOT;XIRECS;11133.0;4
139400;;;INTARIAN_PEPPER_ROOT;XIRECS;11133.0;7
139600;;;INTARIAN_PEPPER_ROOT;XIRECS;11146.0;6
139800;;;INTARIAN_PEPPER_ROOT;XIRECS;11134.0;7
141100;;;ASH_COATED_OSMIUM;XIRECS;9991.0;3
141200;;;INTARIAN_PEPPER_ROOT;XIRECS;11147.0;6
145800;;;ASH_COATED_OSMIUM;XIRECS;10009.0;10
145900;;;ASH_COATED_OSMIUM;XIRECS;10012.0;9
146600;;;ASH_COATED_OSMIUM;XIRECS;9994.0;2
146700;;;ASH_COATED_OSMIUM;XIRECS;10009.0;7
147000;;;INTARIAN_PEPPER_ROOT;XIRECS;11153.0;7
147300;;;ASH_COATED_OSMIUM;XIRECS;9993.0;6
148400;;;ASH_COATED_OSMIUM;XIRECS;9994.0;6
148700;;;INTARIAN_PEPPER_ROOT;XIRECS;11145.0;6
149000;;;ASH_COATED_OSMIUM;XIRECS;10009.0;3
152000;;;ASH_COATED_OSMIUM;XIRECS;9992.0;2
153700;;;ASH_COATED_OSMIUM;XIRECS;9994.0;5
157200;;;INTARIAN_PEPPER_ROOT;XIRECS;11163.0;4
160700;;;ASH_COATED_OSMIUM;XIRECS;10008.0;7
161400;;;ASH_COATED_OSMIUM;XIRECS;10009.0;9
161800;;;INTARIAN_PEPPER_ROOT;XIRECS;11165.0;6
161900;;;ASH_COATED_OSMIUM;XIRECS;9993.0;6
169400;;;ASH_COATED_OSMIUM;XIRECS;9989.0;2
170300;;;INTARIAN_PEPPER_ROOT;XIRECS;11176.0;7
174000;;;INTARIAN_PEPPER_ROOT;XIRECS;11165.0;7
175500;;;ASH_COATED_OSMIUM;XIRECS;9993.0;6
176900;;;ASH_COATED_OSMIUM;XIRECS;9992.0;2
178800;;;INTARIAN_PEPPER_ROOT;XIRECS;11185.0;4
182500;;;ASH_COATED_OSMIUM;XIRECS;9994.0;10
184500;;;ASH_COATED_OSMIUM;XIRECS;10011.0;6
184800;;;INTARIAN_PEPPER_ROOT;XIRECS;11188.0;7
186800;;;INTARIAN_PEPPER_ROOT;XIRECS;11196.0;7
187000;;;INTARIAN_PEPPER_ROOT;XIRECS;11196.0;3
191300;;;INTARIAN_PEPPER_ROOT;XIRECS;11185.0;7
191400;;;ASH_COATED_OSMIUM;XIRECS;9996.0;6
191600;;;ASH_COATED_OSMIUM;XIRECS;9996.0;6
193500;;;ASH_COATED_OSMIUM;XIRECS;10002.0;3
193700;;;ASH_COATED_OSMIUM;XIRECS;9994.0;3
203200;;;ASH_COATED_OSMIUM;XIRECS;9991.0;6
206100;;;ASH_COATED_OSMIUM;XIRECS;10009.0;4
207700;;;ASH_COATED_OSMIUM;XIRECS;9990.0;5
208300;;;INTARIAN_PEPPER_ROOT;XIRECS;11214.0;7
208500;;;ASH_COATED_OSMIUM;XIRECS;10009.0;4
211700;;;INTARIAN_PEPPER_ROOT;XIRECS;11206.0;4
215300;;;INTARIAN_PEPPER_ROOT;XIRECS;11211.0;5
216000;;;ASH_COATED_OSMIUM;XIRECS;10008.0;4
218000;;;ASH_COATED_OSMIUM;XIRECS;9995.0;3
218600;;;ASH_COATED_OSMIUM;XIRECS;10010.0;4
218900;;;INTARIAN_PEPPER_ROOT;XIRECS;11225.0;3
219900;;;ASH_COATED_OSMIUM;XIRECS;9991.0;6
221000;;;ASH_COATED_OSMIUM;XIRECS;9995.0;8
221700;;;ASH_COATED_OSMIUM;XIRECS;10011.0;10
222000;;;ASH_COATED_OSMIUM;XIRECS;10011.0;4
222800;;;INTARIAN_PEPPER_ROOT;XIRECS;11217.0;4
228300;;;INTARIAN_PEPPER_ROOT;XIRECS;11234.0;3
228800;;;ASH_COATED_OSMIUM;XIRECS;9993.0;3
229500;;;INTARIAN_PEPPER_ROOT;XIRECS;11223.0;4
232900;;;ASH_COATED_OSMIUM;XIRECS;10011.0;3
232900;;;INTARIAN_PEPPER_ROOT;XIRECS;11239.0;4
235100;;;INTARIAN_PEPPER_ROOT;XIRECS;11238.0;6
235800;;;ASH_COATED_OSMIUM;XIRECS;10013.0;3
236300;;;ASH_COATED_OSMIUM;XIRECS;10010.0;4
239500;;;ASH_COATED_OSMIUM;XIRECS;10011.0;7
240800;;;ASH_COATED_OSMIUM;XIRECS;10012.0;6
241200;;;INTARIAN_PEPPER_ROOT;XIRECS;11244.0;6
241800;;;ASH_COATED_OSMIUM;XIRECS;10010.0;3
243200;;;INTARIAN_PEPPER_ROOT;XIRECS;11249.0;5
244200;;;ASH_COATED_OSMIUM;XIRECS;10010.0;5
245100;;;ASH_COATED_OSMIUM;XIRECS;10012.0;7
245300;;;INTARIAN_PEPPER_ROOT;XIRECS;11239.0;6
245500;;;INTARIAN_PEPPER_ROOT;XIRECS;11252.0;6
245800;;;ASH_COATED_OSMIUM;XIRECS;10009.0;6
246400;;;ASH_COATED_OSMIUM;XIRECS;10010.0;4
250800;;;ASH_COATED_OSMIUM;XIRECS;9992.0;5
251100;;;ASH_COATED_OSMIUM;XIRECS;10001.0;3
251700;;;ASH_COATED_OSMIUM;XIRECS;9992.0;10
251900;;;INTARIAN_PEPPER_ROOT;XIRECS;11255.0;8
253300;;;ASH_COATED_OSMIUM;XIRECS;9992.0;7
259200;;;INTARIAN_PEPPER_ROOT;XIRECS;11265.0;7
262200;;;ASH_COATED_OSMIUM;XIRECS;9994.0;2
262300;;;ASH_COATED_OSMIUM;XIRECS;10010.0;3
262400;;;ASH_COATED_OSMIUM;XIRECS;10010.0;6
263800;;;INTARIAN_PEPPER_ROOT;XIRECS;11258.0;6
263900;;;INTARIAN_PEPPER_ROOT;XIRECS;11258.0;6
264100;;;ASH_COATED_OSMIUM;XIRECS;10010.0;6
264200;;;ASH_COATED_OSMIUM;XIRECS;10009.0;5
269600;;;INTARIAN_PEPPER_ROOT;XIRECS;11263.0;7
272700;;;INTARIAN_PEPPER_ROOT;XIRECS;11269.0;6
273300;;;INTARIAN_PEPPER_ROOT;XIRECS;11264.0;5
273500;;;ASH_COATED_OSMIUM;XIRECS;9999.0;4
273700;;;INTARIAN_PEPPER_ROOT;XIRECS;11268.0;3
274200;;;ASH_COATED_OSMIUM;XIRECS;9989.0;6
275900;;;INTARIAN_PEPPER_ROOT;XIRECS;11270.0;7
276000;;;INTARIAN_PEPPER_ROOT;XIRECS;11272.0;6
277500;;;ASH_COATED_OSMIUM;XIRECS;10005.0;5
279800;;;ASH_COATED_OSMIUM;XIRECS;9992.0;4
280500;;;ASH_COATED_OSMIUM;XIRECS;10006.0;5
280700;;;ASH_COATED_OSMIUM;XIRECS;10008.0;5
282100;;;INTARIAN_PEPPER_ROOT;XIRECS;11285.0;4
283800;;;INTARIAN_PEPPER_ROOT;XIRECS;11287.0;6
285200;;;ASH_COATED_OSMIUM;XIRECS;10007.0;6
287400;;;INTARIAN_PEPPER_ROOT;XIRECS;11290.0;5
288100;;;ASH_COATED_OSMIUM;XIRECS;9989.0;5
288700;;;ASH_COATED_OSMIUM;XIRECS;9989.0;10
289600;;;INTARIAN_PEPPER_ROOT;XIRECS;11296.0;7
290500;;;ASH_COATED_OSMIUM;XIRECS;9988.0;6
291800;;;ASH_COATED_OSMIUM;XIRECS;9986.0;6
298800;;;INTARIAN_PEPPER_ROOT;XIRECS;11302.0;7
301200;;;INTARIAN_PEPPER_ROOT;XIRECS;11297.0;8
302500;;;INTARIAN_PEPPER_ROOT;XIRECS;11299.0;8
302900;;;ASH_COATED_OSMIUM;XIRECS;9993.0;7
303200;;;INTARIAN_PEPPER_ROOT;XIRECS;11297.0;7
306200;;;ASH_COATED_OSMIUM;XIRECS;9992.0;9
307800;;;ASH_COATED_OSMIUM;XIRECS;10011.0;6
308100;;;ASH_COATED_OSMIUM;XIRECS;9995.0;3
309100;;;INTARIAN_PEPPER_ROOT;XIRECS;11300.0;5
309700;;;INTARIAN_PEPPER_ROOT;XIRECS;11316.0;6
310200;;;ASH_COATED_OSMIUM;XIRECS;9996.0;7
310300;;;ASH_COATED_OSMIUM;XIRECS;10002.0;5
311400;;;ASH_COATED_OSMIUM;XIRECS;9996.0;7
312600;;;ASH_COATED_OSMIUM;XIRECS;10012.0;2
312900;;;ASH_COATED_OSMIUM;XIRECS;10001.0;5
315000;;;ASH_COATED_OSMIUM;XIRECS;10012.0;5
315300;;;ASH_COATED_OSMIUM;XIRECS;9997.0;9
316600;;;INTARIAN_PEPPER_ROOT;XIRECS;11310.0;4
320500;;;INTARIAN_PEPPER_ROOT;XIRECS;11317.0;3
320700;;;ASH_COATED_OSMIUM;XIRECS;10013.0;10
324600;;;ASH_COATED_OSMIUM;XIRECS;9999.0;3
324600;;;INTARIAN_PEPPER_ROOT;XIRECS;11318.0;4
325100;;;INTARIAN_PEPPER_ROOT;XIRECS;11319.0;5
325900;;;ASH_COATED_OSMIUM;XIRECS;10018.0;3
329600;;;ASH_COATED_OSMIUM;XIRECS;10016.0;3
329700;;;ASH_COATED_OSMIUM;XIRECS;10016.0;2
329700;;;INTARIAN_PEPPER_ROOT;XIRECS;11326.0;4
329900;;;ASH_COATED_OSMIUM;XIRECS;10000.0;8
331400;;;ASH_COATED_OSMIUM;XIRECS;10000.0;5
335700;;;ASH_COATED_OSMIUM;XIRECS;10016.0;7
336000;;;ASH_COATED_OSMIUM;XIRECS;10016.0;5
337000;;;ASH_COATED_OSMIUM;XIRECS;10019.0;10
337400;;;ASH_COATED_OSMIUM;XIRECS;10015.0;2
337700;;;INTARIAN_PEPPER_ROOT;XIRECS;11344.0;4
348700;;;ASH_COATED_OSMIUM;XIRECS;10013.0;8
349700;;;ASH_COATED_OSMIUM;XIRECS;9992.0;6
350500;;;INTARIAN_PEPPER_ROOT;XIRECS;11347.0;5
350900;;;INTARIAN_PEPPER_ROOT;XIRECS;11345.0;4
351600;;;INTARIAN_PEPPER_ROOT;XIRECS;11361.0;4
352100;;;ASH_COATED_OSMIUM;XIRECS;10011.0;4
352300;;;ASH_COATED_OSMIUM;XIRECS;10011.0;2
353900;;;ASH_COATED_OSMIUM;XIRECS;9993.0;5
354300;;;ASH_COATED_OSMIUM;XIRECS;9989.0;5
355200;;;ASH_COATED_OSMIUM;XIRECS;10007.0;7
356300;;;ASH_COATED_OSMIUM;XIRECS;9998.0;4
356400;;;ASH_COATED_OSMIUM;XIRECS;9992.0;5
358000;;;ASH_COATED_OSMIUM;XIRECS;9997.0;4
358400;;;ASH_COATED_OSMIUM;XIRECS;10007.0;10
359000;;;ASH_COATED_OSMIUM;XIRECS;10008.0;3
359500;;;INTARIAN_PEPPER_ROOT;XIRECS;11366.0;3
359900;;;ASH_COATED_OSMIUM;XIRECS;9992.0;9
363600;;;INTARIAN_PEPPER_ROOT;XIRECS;11357.0;7
363800;;;INTARIAN_PEPPER_ROOT;XIRECS;11358.0;7
367800;;;INTARIAN_PEPPER_ROOT;XIRECS;11371.0;5
368500;;;ASH_COATED_OSMIUM;XIRECS;9993.0;3
369200;;;INTARIAN_PEPPER_ROOT;XIRECS;11363.0;3
371200;;;INTARIAN_PEPPER_ROOT;XIRECS;11365.0;7
371400;;;INTARIAN_PEPPER_ROOT;XIRECS;11365.0;7
374200;;;ASH_COATED_OSMIUM;XIRECS;9993.0;10
374400;;;ASH_COATED_OSMIUM;XIRECS;10009.0;8
375600;;;ASH_COATED_OSMIUM;XIRECS;10008.0;4
377100;;;ASH_COATED_OSMIUM;XIRECS;10008.0;6
377300;;;ASH_COATED_OSMIUM;XIRECS;10009.0;8
378200;;;INTARIAN_PEPPER_ROOT;XIRECS;11387.0;3
379500;;;ASH_COATED_OSMIUM;XIRECS;10013.0;10
380900;;;ASH_COATED_OSMIUM;XIRECS;9996.0;4
384200;;;INTARIAN_PEPPER_ROOT;XIRECS;11390.0;6
386500;;;ASH_COATED_OSMIUM;XIRECS;10011.0;5
388100;;;ASH_COATED_OSMIUM;XIRECS;9994.0;8
388700;;;INTARIAN_PEPPER_ROOT;XIRECS;11395.0;5
390900;;;ASH_COATED_OSMIUM;XIRECS;9995.0;2
393200;;;INTARIAN_PEPPER_ROOT;XIRECS;11389.0;6
393600;;;ASH_COATED_OSMIUM;XIRECS;9997.0;10
395100;;;ASH_COATED_OSMIUM;XIRECS;9999.0;2
398800;;;INTARIAN_PEPPER_ROOT;XIRECS;11395.0;5
399000;;;INTARIAN_PEPPER_ROOT;XIRECS;11395.0;7
399200;;;ASH_COATED_OSMIUM;XIRECS;9999.0;4
400000;;;INTARIAN_PEPPER_ROOT;XIRECS;11394.0;7
400700;;;ASH_COATED_OSMIUM;XIRECS;10015.0;4
405100;;;INTARIAN_PEPPER_ROOT;XIRECS;11411.0;5
405700;;;ASH_COATED_OSMIUM;XIRECS;10010.0;4
406300;;;ASH_COATED_OSMIUM;XIRECS;9992.0;7
406700;;;INTARIAN_PEPPER_ROOT;XIRECS;11413.0;7
407300;;;INTARIAN_PEPPER_ROOT;XIRECS;11410.0;6
407500;;;ASH_COATED_OSMIUM;XIRECS;10012.0;5
407600;;;ASH_COATED_OSMIUM;XIRECS;10009.0;8
408000;;;ASH_COATED_OSMIUM;XIRECS;10009.0;2
409300;;;INTARIAN_PEPPER_ROOT;XIRECS;11405.0;5
411700;;;ASH_COATED_OSMIUM;XIRECS;9993.0;10
412600;;;INTARIAN_PEPPER_ROOT;XIRECS;11406.0;7
413100;;;ASH_COATED_OSMIUM;XIRECS;10010.0;7
413500;;;INTARIAN_PEPPER_ROOT;XIRECS;11420.0;3
415200;;;ASH_COATED_OSMIUM;XIRECS;10012.0;5
415700;;;INTARIAN_PEPPER_ROOT;XIRECS;11409.0;7
417900;;;INTARIAN_PEPPER_ROOT;XIRECS;11412.0;6
418300;;;ASH_COATED_OSMIUM;XIRECS;10009.0;5
420600;;;INTARIAN_PEPPER_ROOT;XIRECS;11414.0;7
421100;;;INTARIAN_PEPPER_ROOT;XIRECS;11415.0;3
423200;;;INTARIAN_PEPPER_ROOT;XIRECS;11417.0;6
423400;;;ASH_COATED_OSMIUM;XIRECS;9994.0;6
423900;;;ASH_COATED_OSMIUM;XIRECS;9995.0;2
424300;;;ASH_COATED_OSMIUM;XIRECS;9994.0;6
424400;;;ASH_COATED_OSMIUM;XIRECS;9994.0;6
424800;;;INTARIAN_PEPPER_ROOT;XIRECS;11421.0;6
424900;;;ASH_COATED_OSMIUM;XIRECS;10009.0;3
426300;;;ASH_COATED_OSMIUM;XIRECS;9991.0;4
428300;;;ASH_COATED_OSMIUM;XIRECS;10010.0;5
429600;;;INTARIAN_PEPPER_ROOT;XIRECS;11426.0;3
430400;;;ASH_COATED_OSMIUM;XIRECS;10004.0;4
430900;;;ASH_COATED_OSMIUM;XIRECS;10014.0;5
431600;;;INTARIAN_PEPPER_ROOT;XIRECS;11425.0;7
432100;;;INTARIAN_PEPPER_ROOT;XIRECS;11435.0;6
432300;;;INTARIAN_PEPPER_ROOT;XIRECS;11426.0;7
433200;;;ASH_COATED_OSMIUM;XIRECS;9996.0;4
435200;;;ASH_COATED_OSMIUM;XIRECS;10013.0;6
435500;;;INTARIAN_PEPPER_ROOT;XIRECS;11438.0;5
436500;;;INTARIAN_PEPPER_ROOT;XIRECS;11430.0;3
438600;;;ASH_COATED_OSMIUM;XIRECS;9998.0;8
444300;;;ASH_COATED_OSMIUM;XIRECS;9997.0;3
453500;;;INTARIAN_PEPPER_ROOT;XIRECS;11450.0;7
454100;;;ASH_COATED_OSMIUM;XIRECS;10014.0;6
455400;;;INTARIAN_PEPPER_ROOT;XIRECS;11464.0;5
457500;;;INTARIAN_PEPPER_ROOT;XIRECS;11464.0;5
457600;;;INTARIAN_PEPPER_ROOT;XIRECS;11464.0;4
460000;;;INTARIAN_PEPPER_ROOT;XIRECS;11454.0;6
460700;;;INTARIAN_PEPPER_ROOT;XIRECS;11464.0;7
464100;;;INTARIAN_PEPPER_ROOT;XIRECS;11458.0;6
465200;;;INTARIAN_PEPPER_ROOT;XIRECS;11468.0;5
469000;;;ASH_COATED_OSMIUM;XIRECS;9993.0;2
469000;;;INTARIAN_PEPPER_ROOT;XIRECS;11475.0;7
470900;;;INTARIAN_PEPPER_ROOT;XIRECS;11465.0;7
476700;;;ASH_COATED_OSMIUM;XIRECS;10010.0;9
477600;;;ASH_COATED_OSMIUM;XIRECS;9993.0;10
479500;;;INTARIAN_PEPPER_ROOT;XIRECS;11473.0;3
483900;;;ASH_COATED_OSMIUM;XIRECS;10009.0;4
484200;;;INTARIAN_PEPPER_ROOT;XIRECS;11478.0;6
487100;;;ASH_COATED_OSMIUM;XIRECS;9994.0;3
487200;;;INTARIAN_PEPPER_ROOT;XIRECS;11493.0;6
488600;;;ASH_COATED_OSMIUM;XIRECS;9992.0;9
488700;;;INTARIAN_PEPPER_ROOT;XIRECS;11495.0;3
488800;;;INTARIAN_PEPPER_ROOT;XIRECS;11483.0;5
491600;;;ASH_COATED_OSMIUM;XIRECS;10010.0;2
492600;;;ASH_COATED_OSMIUM;XIRECS;9995.0;5
494600;;;INTARIAN_PEPPER_ROOT;XIRECS;11485.0;5
494900;;;INTARIAN_PEPPER_ROOT;XIRECS;11501.0;3
495600;;;ASH_COATED_OSMIUM;XIRECS;10013.0;6
495800;;;ASH_COATED_OSMIUM;XIRECS;9997.0;9
496100;;;ASH_COATED_OSMIUM;XIRECS;9997.0;3
497200;;;INTARIAN_PEPPER_ROOT;XIRECS;11488.0;4
497700;;;ASH_COATED_OSMIUM;XIRECS;10001.0;5
497800;;;INTARIAN_PEPPER_ROOT;XIRECS;11504.0;5
498800;;;INTARIAN_PEPPER_ROOT;XIRECS;11502.0;3
500000;;;ASH_COATED_OSMIUM;XIRECS;10011.0;5
500300;;;INTARIAN_PEPPER_ROOT;XIRECS;11507.0;6
503500;;;ASH_COATED_OSMIUM;XIRECS;9994.0;4
503800;;;INTARIAN_PEPPER_ROOT;XIRECS;11510.0;4
504900;;;INTARIAN_PEPPER_ROOT;XIRECS;11499.0;4
505900;;;ASH_COATED_OSMIUM;XIRECS;9993.0;4
506600;;;ASH_COATED_OSMIUM;XIRECS;10009.0;6
507700;;;INTARIAN_PEPPER_ROOT;XIRECS;11501.0;6
508700;;;INTARIAN_PEPPER_ROOT;XIRECS;11515.0;5
508800;;;INTARIAN_PEPPER_ROOT;XIRECS;11515.0;5
509600;;;INTARIAN_PEPPER_ROOT;XIRECS;11503.0;4
509900;;;ASH_COATED_OSMIUM;XIRECS;9995.0;2
510400;;;ASH_COATED_OSMIUM;XIRECS;9995.0;6
512100;;;INTARIAN_PEPPER_ROOT;XIRECS;11515.0;6
513000;;;INTARIAN_PEPPER_ROOT;XIRECS;11509.0;7
514300;;;INTARIAN_PEPPER_ROOT;XIRECS;11517.0;6
516600;;;ASH_COATED_OSMIUM;XIRECS;9996.0;4
516700;;;INTARIAN_PEPPER_ROOT;XIRECS;11523.0;6
517700;;;INTARIAN_PEPPER_ROOT;XIRECS;11511.0;7
519100;;;ASH_COATED_OSMIUM;XIRECS;10012.0;5
519200;;;INTARIAN_PEPPER_ROOT;XIRECS;11513.0;6
522400;;;ASH_COATED_OSMIUM;XIRECS;9995.0;5
523400;;;INTARIAN_PEPPER_ROOT;XIRECS;11517.0;6
524200;;;ASH_COATED_OSMIUM;XIRECS;10012.0;10
524600;;;INTARIAN_PEPPER_ROOT;XIRECS;11521.0;3
524700;;;INTARIAN_PEPPER_ROOT;XIRECS;11528.0;7
525200;;;ASH_COATED_OSMIUM;XIRECS;9995.0;5
525500;;;INTARIAN_PEPPER_ROOT;XIRECS;11516.0;6
527900;;;ASH_COATED_OSMIUM;XIRECS;10011.0;5
529400;;;INTARIAN_PEPPER_ROOT;XIRECS;11536.0;3
531800;;;ASH_COATED_OSMIUM;XIRECS;10013.0;5
534000;;;INTARIAN_PEPPER_ROOT;XIRECS;11537.0;4
534100;;;ASH_COATED_OSMIUM;XIRECS;9994.0;2
534100;;;INTARIAN_PEPPER_ROOT;XIRECS;11537.0;4
535800;;;ASH_COATED_OSMIUM;XIRECS;9994.0;5
536000;;;ASH_COATED_OSMIUM;XIRECS;9994.0;4
537800;;;INTARIAN_PEPPER_ROOT;XIRECS;11541.0;7
538800;;;ASH_COATED_OSMIUM;XIRECS;10006.0;5
541900;;;ASH_COATED_OSMIUM;XIRECS;10007.0;5
543100;;;INTARIAN_PEPPER_ROOT;XIRECS;11549.0;5
544200;;;INTARIAN_PEPPER_ROOT;XIRECS;11535.0;3
545000;;;ASH_COATED_OSMIUM;XIRECS;9991.0;6
547500;;;INTARIAN_PEPPER_ROOT;XIRECS;11541.0;6
547600;;;ASH_COATED_OSMIUM;XIRECS;10006.0;2
547800;;;INTARIAN_PEPPER_ROOT;XIRECS;11557.0;5
548100;;;ASH_COATED_OSMIUM;XIRECS;10009.0;4
549600;;;ASH_COATED_OSMIUM;XIRECS;10005.0;10
552200;;;INTARIAN_PEPPER_ROOT;XIRECS;11548.0;3
553200;;;INTARIAN_PEPPER_ROOT;XIRECS;11547.0;5
555400;;;INTARIAN_PEPPER_ROOT;XIRECS;11558.0;4
562200;;;ASH_COATED_OSMIUM;XIRECS;9989.0;2
564100;;;INTARIAN_PEPPER_ROOT;XIRECS;11558.0;7
564800;;;ASH_COATED_OSMIUM;XIRECS;9987.0;4
567700;;;ASH_COATED_OSMIUM;XIRECS;9989.0;4
571600;;;ASH_COATED_OSMIUM;XIRECS;10008.0;5
572700;;;ASH_COATED_OSMIUM;XIRECS;10008.0;3
573000;;;ASH_COATED_OSMIUM;XIRECS;9991.0;5
573400;;;ASH_COATED_OSMIUM;XIRECS;10007.0;3
574600;;;INTARIAN_PEPPER_ROOT;XIRECS;11578.0;8
574700;;;INTARIAN_PEPPER_ROOT;XIRECS;11581.0;6
575700;;;ASH_COATED_OSMIUM;XIRECS;10008.0;3
576500;;;INTARIAN_PEPPER_ROOT;XIRECS;11570.0;5
581000;;;ASH_COATED_OSMIUM;XIRECS;9989.0;6
582600;;;ASH_COATED_OSMIUM;XIRECS;10007.0;4
586900;;;INTARIAN_PEPPER_ROOT;XIRECS;11590.0;7
587000;;;ASH_COATED_OSMIUM;XIRECS;10008.0;6
588200;;;ASH_COATED_OSMIUM;XIRECS;10002.0;4
589500;;;ASH_COATED_OSMIUM;XIRECS;9992.0;3
590700;;;INTARIAN_PEPPER_ROOT;XIRECS;11594.0;8
591600;;;INTARIAN_PEPPER_ROOT;XIRECS;11588.0;7
592100;;;ASH_COATED_OSMIUM;XIRECS;9992.0;5
593200;;;INTARIAN_PEPPER_ROOT;XIRECS;11589.0;4
594000;;;ASH_COATED_OSMIUM;XIRECS;9989.0;6
596100;;;ASH_COATED_OSMIUM;XIRECS;9990.0;9
597100;;;INTARIAN_PEPPER_ROOT;XIRECS;11603.0;6
598000;;;ASH_COATED_OSMIUM;XIRECS;9990.0;6
599600;;;INTARIAN_PEPPER_ROOT;XIRECS;11606.0;4
602300;;;INTARIAN_PEPPER_ROOT;XIRECS;11596.0;3
605600;;;ASH_COATED_OSMIUM;XIRECS;10008.0;5
605800;;;INTARIAN_PEPPER_ROOT;XIRECS;11597.0;5
607000;;;ASH_COATED_OSMIUM;XIRECS;10008.0;2
607000;;;INTARIAN_PEPPER_ROOT;XIRECS;11603.0;4
610200;;;ASH_COATED_OSMIUM;XIRECS;9994.0;8
611100;;;INTARIAN_PEPPER_ROOT;XIRECS;11617.0;5
614900;;;ASH_COATED_OSMIUM;XIRECS;9995.0;5
617800;;;INTARIAN_PEPPER_ROOT;XIRECS;11611.0;6
618000;;;ASH_COATED_OSMIUM;XIRECS;10010.0;6
620100;;;INTARIAN_PEPPER_ROOT;XIRECS;11614.0;6
620400;;;ASH_COATED_OSMIUM;XIRECS;9994.0;6
621900;;;ASH_COATED_OSMIUM;XIRECS;9994.0;2
622100;;;INTARIAN_PEPPER_ROOT;XIRECS;11616.0;7
623600;;;INTARIAN_PEPPER_ROOT;XIRECS;11617.0;3
627500;;;INTARIAN_PEPPER_ROOT;XIRECS;11634.0;4
628200;;;ASH_COATED_OSMIUM;XIRECS;9994.0;4
628200;;;INTARIAN_PEPPER_ROOT;XIRECS;11622.0;5
628500;;;ASH_COATED_OSMIUM;XIRECS;10010.0;7
630300;;;INTARIAN_PEPPER_ROOT;XIRECS;11637.0;4
631800;;;INTARIAN_PEPPER_ROOT;XIRECS;11625.0;7
636500;;;ASH_COATED_OSMIUM;XIRECS;10013.0;6
636700;;;INTARIAN_PEPPER_ROOT;XIRECS;11643.0;5
637800;;;ASH_COATED_OSMIUM;XIRECS;10013.0;5
639300;;;INTARIAN_PEPPER_ROOT;XIRECS;11642.0;6
640900;;;INTARIAN_PEPPER_ROOT;XIRECS;11644.0;5
641400;;;INTARIAN_PEPPER_ROOT;XIRECS;11648.0;3
643800;;;ASH_COATED_OSMIUM;XIRECS;9996.0;5
644200;;;ASH_COATED_OSMIUM;XIRECS;10013.0;5
644600;;;ASH_COATED_OSMIUM;XIRECS;10013.0;8
647000;;;ASH_COATED_OSMIUM;XIRECS;10014.0;4
647400;;;ASH_COATED_OSMIUM;XIRECS;10015.0;5
649900;;;ASH_COATED_OSMIUM;XIRECS;10015.0;6
650300;;;ASH_COATED_OSMIUM;XIRECS;9996.0;9
651200;;;INTARIAN_PEPPER_ROOT;XIRECS;11645.0;7
651300;;;ASH_COATED_OSMIUM;XIRECS;10015.0;6
652400;;;INTARIAN_PEPPER_ROOT;XIRECS;11659.0;5
654500;;;ASH_COATED_OSMIUM;XIRECS;10015.0;5
655200;;;INTARIAN_PEPPER_ROOT;XIRECS;11649.0;5
656300;;;ASH_COATED_OSMIUM;XIRECS;10004.0;7
657400;;;ASH_COATED_OSMIUM;XIRECS;10016.0;5
657600;;;INTARIAN_PEPPER_ROOT;XIRECS;11651.0;5
659100;;;INTARIAN_PEPPER_ROOT;XIRECS;11655.0;5
659600;;;ASH_COATED_OSMIUM;XIRECS;10001.0;4
660400;;;ASH_COATED_OSMIUM;XIRECS;10017.0;2
660400;;;ASH_COATED_OSMIUM;XIRECS;10001.0;7
662400;;;ASH_COATED_OSMIUM;XIRECS;10001.0;5
662500;;;ASH_COATED_OSMIUM;XIRECS;10016.0;3
663100;;;ASH_COATED_OSMIUM;XIRECS;10017.0;6
663200;;;ASH_COATED_OSMIUM;XIRECS;10016.0;4
663600;;;INTARIAN_PEPPER_ROOT;XIRECS;11657.0;4
665000;;;INTARIAN_PEPPER_ROOT;XIRECS;11671.0;7
665400;;;ASH_COATED_OSMIUM;XIRECS;10001.0;8
666000;;;INTARIAN_PEPPER_ROOT;XIRECS;11672.0;4
667100;;;ASH_COATED_OSMIUM;XIRECS;10018.0;3
668200;;;INTARIAN_PEPPER_ROOT;XIRECS;11662.0;6
671000;;;INTARIAN_PEPPER_ROOT;XIRECS;11674.0;6
671500;;;ASH_COATED_OSMIUM;XIRECS;10003.0;5
671600;;;INTARIAN_PEPPER_ROOT;XIRECS;11668.0;3
673400;;;ASH_COATED_OSMIUM;XIRECS;10007.0;3
677400;;;ASH_COATED_OSMIUM;XIRECS;9999.0;8
679900;;;INTARIAN_PEPPER_ROOT;XIRECS;11689.0;4
680400;;;ASH_COATED_OSMIUM;XIRECS;10017.0;6
685300;;;ASH_COATED_OSMIUM;XIRECS;10016.0;6
685900;;;INTARIAN_PEPPER_ROOT;XIRECS;11680.0;5
686100;;;INTARIAN_PEPPER_ROOT;XIRECS;11682.0;3
689500;;;INTARIAN_PEPPER_ROOT;XIRECS;11683.0;6
689700;;;ASH_COATED_OSMIUM;XIRECS;9998.0;6
689700;;;INTARIAN_PEPPER_ROOT;XIRECS;11686.0;4
690800;;;INTARIAN_PEPPER_ROOT;XIRECS;11697.0;7
693400;;;ASH_COATED_OSMIUM;XIRECS;10014.0;8
693900;;;ASH_COATED_OSMIUM;XIRECS;10015.0;6
694100;;;ASH_COATED_OSMIUM;XIRECS;10016.0;8
694300;;;ASH_COATED_OSMIUM;XIRECS;9995.0;2
695800;;;INTARIAN_PEPPER_ROOT;XIRECS;11689.0;4
696400;;;INTARIAN_PEPPER_ROOT;XIRECS;11690.0;5
699500;;;ASH_COATED_OSMIUM;XIRECS;9996.0;6
700000;;;INTARIAN_PEPPER_ROOT;XIRECS;11709.0;5
704100;;;INTARIAN_PEPPER_ROOT;XIRECS;11700.0;8
705000;;;ASH_COATED_OSMIUM;XIRECS;10005.0;2
705600;;;ASH_COATED_OSMIUM;XIRECS;10013.0;3
706200;;;ASH_COATED_OSMIUM;XIRECS;10011.0;6
706500;;;INTARIAN_PEPPER_ROOT;XIRECS;11710.0;6
707200;;;INTARIAN_PEPPER_ROOT;XIRECS;11701.0;6
708200;;;ASH_COATED_OSMIUM;XIRECS;9995.0;10
709100;;;ASH_COATED_OSMIUM;XIRECS;10013.0;2
709600;;;INTARIAN_PEPPER_ROOT;XIRECS;11706.0;5
709800;;;INTARIAN_PEPPER_ROOT;XIRECS;11706.0;6
709900;;;ASH_COATED_OSMIUM;XIRECS;9992.0;5
710200;;;ASH_COATED_OSMIUM;XIRECS;10008.0;4
711100;;;ASH_COATED_OSMIUM;XIRECS;9990.0;3
711900;;;ASH_COATED_OSMIUM;XIRECS;10006.0;7
714600;;;ASH_COATED_OSMIUM;XIRECS;10009.0;6
716700;;;INTARIAN_PEPPER_ROOT;XIRECS;11723.0;5
718200;;;ASH_COATED_OSMIUM;XIRECS;9994.0;7
719200;;;INTARIAN_PEPPER_ROOT;XIRECS;11713.0;3
721400;;;INTARIAN_PEPPER_ROOT;XIRECS;11715.0;3
727200;;;ASH_COATED_OSMIUM;XIRECS;9991.0;9
727600;;;INTARIAN_PEPPER_ROOT;XIRECS;11724.0;3
728300;;;INTARIAN_PEPPER_ROOT;XIRECS;11731.0;6
729400;;;ASH_COATED_OSMIUM;XIRECS;10007.0;10
729500;;;ASH_COATED_OSMIUM;XIRECS;9991.0;4
729500;;;ASH_COATED_OSMIUM;XIRECS;9991.0;6
730200;;;INTARIAN_PEPPER_ROOT;XIRECS;11721.0;7
731900;;;ASH_COATED_OSMIUM;XIRECS;10008.0;5
732700;;;INTARIAN_PEPPER_ROOT;XIRECS;11726.0;6
732800;;;ASH_COATED_OSMIUM;XIRECS;10008.0;2
734100;;;INTARIAN_PEPPER_ROOT;XIRECS;11728.0;3
736300;;;ASH_COATED_OSMIUM;XIRECS;9986.0;10
736500;;;INTARIAN_PEPPER_ROOT;XIRECS;11730.0;4
740000;;;ASH_COATED_OSMIUM;XIRECS;10005.0;2
740200;;;ASH_COATED_OSMIUM;XIRECS;10005.0;9
741500;;;ASH_COATED_OSMIUM;XIRECS;10005.0;2
742300;;;ASH_COATED_OSMIUM;XIRECS;9987.0;6
744200;;;ASH_COATED_OSMIUM;XIRECS;9995.0;4
745200;;;ASH_COATED_OSMIUM;XIRECS;10000.0;10
745600;;;ASH_COATED_OSMIUM;XIRECS;9985.0;6
747500;;;ASH_COATED_OSMIUM;XIRECS;10003.0;2
747600;;;INTARIAN_PEPPER_ROOT;XIRECS;11741.0;4
748900;;;INTARIAN_PEPPER_ROOT;XIRECS;11755.0;3
750300;;;INTARIAN_PEPPER_ROOT;XIRECS;11757.0;6
753100;;;ASH_COATED_OSMIUM;XIRECS;9985.0;4
754300;;;INTARIAN_PEPPER_ROOT;XIRECS;11748.0;3
757000;;;INTARIAN_PEPPER_ROOT;XIRECS;11751.0;4
757600;;;INTARIAN_PEPPER_ROOT;XIRECS;11767.0;3
758400;;;INTARIAN_PEPPER_ROOT;XIRECS;11765.0;3
759900;;;ASH_COATED_OSMIUM;XIRECS;10001.0;6
760500;;;INTARIAN_PEPPER_ROOT;XIRECS;11767.0;3
760600;;;INTARIAN_PEPPER_ROOT;XIRECS;11757.0;3
761900;;;ASH_COATED_OSMIUM;XIRECS;10002.0;9
762800;;;ASH_COATED_OSMIUM;XIRECS;9997.0;8
763700;;;INTARIAN_PEPPER_ROOT;XIRECS;11770.0;3
765800;;;ASH_COATED_OSMIUM;XIRECS;9994.0;4
768500;;;ASH_COATED_OSMIUM;XIRECS;9993.0;2
770100;;;INTARIAN_PEPPER_ROOT;XIRECS;11764.0;6
772500;;;INTARIAN_PEPPER_ROOT;XIRECS;11766.0;5
772900;;;INTARIAN_PEPPER_ROOT;XIRECS;11767.0;4
773000;;;ASH_COATED_OSMIUM;XIRECS;9992.0;2
774300;;;ASH_COATED_OSMIUM;XIRECS;9995.0;9
775000;;;INTARIAN_PEPPER_ROOT;XIRECS;11766.0;3
775200;;;INTARIAN_PEPPER_ROOT;XIRECS;11769.0;7
776200;;;ASH_COATED_OSMIUM;XIRECS;10010.0;4
778000;;;INTARIAN_PEPPER_ROOT;XIRECS;11780.0;6
778200;;;INTARIAN_PEPPER_ROOT;XIRECS;11772.0;6
778300;;;ASH_COATED_OSMIUM;XIRECS;9994.0;5
778600;;;ASH_COATED_OSMIUM;XIRECS;10009.0;7
780700;;;INTARIAN_PEPPER_ROOT;XIRECS;11777.0;7
783500;;;INTARIAN_PEPPER_ROOT;XIRECS;11790.0;6
785700;;;INTARIAN_PEPPER_ROOT;XIRECS;11782.0;6
787800;;;ASH_COATED_OSMIUM;XIRECS;9992.0;3
791000;;;INTARIAN_PEPPER_ROOT;XIRECS;11787.0;8
791600;;;INTARIAN_PEPPER_ROOT;XIRECS;11785.0;4
792100;;;ASH_COATED_OSMIUM;XIRECS;9987.0;9
795600;;;INTARIAN_PEPPER_ROOT;XIRECS;11802.0;5
795700;;;INTARIAN_PEPPER_ROOT;XIRECS;11799.0;7
797000;;;ASH_COATED_OSMIUM;XIRECS;10003.0;2
799500;;;ASH_COATED_OSMIUM;XIRECS;9988.0;2
802300;;;ASH_COATED_OSMIUM;XIRECS;9986.0;6
805500;;;ASH_COATED_OSMIUM;XIRECS;9986.0;8
805800;;;INTARIAN_PEPPER_ROOT;XIRECS;11799.0;5
807000;;;INTARIAN_PEPPER_ROOT;XIRECS;11801.0;4
807700;;;INTARIAN_PEPPER_ROOT;XIRECS;11801.0;7
816800;;;INTARIAN_PEPPER_ROOT;XIRECS;11823.0;7
818000;;;INTARIAN_PEPPER_ROOT;XIRECS;11812.0;6
818800;;;ASH_COATED_OSMIUM;XIRECS;9988.0;2
820500;;;INTARIAN_PEPPER_ROOT;XIRECS;11811.0;7
821700;;;ASH_COATED_OSMIUM;XIRECS;10004.0;6
823900;;;INTARIAN_PEPPER_ROOT;XIRECS;11817.0;6
826700;;;ASH_COATED_OSMIUM;XIRECS;9982.0;6
827600;;;ASH_COATED_OSMIUM;XIRECS;9982.0;2
829300;;;INTARIAN_PEPPER_ROOT;XIRECS;11832.0;6
830500;;;ASH_COATED_OSMIUM;XIRECS;9998.0;3
830600;;;ASH_COATED_OSMIUM;XIRECS;9998.0;7
830900;;;INTARIAN_PEPPER_ROOT;XIRECS;11827.0;7
832800;;;INTARIAN_PEPPER_ROOT;XIRECS;11826.0;7
834000;;;ASH_COATED_OSMIUM;XIRECS;9992.0;3
834800;;;INTARIAN_PEPPER_ROOT;XIRECS;11828.0;5
835100;;;ASH_COATED_OSMIUM;XIRECS;10005.0;3
839400;;;INTARIAN_PEPPER_ROOT;XIRECS;11849.0;3
840600;;;ASH_COATED_OSMIUM;XIRECS;9988.0;2
842600;;;ASH_COATED_OSMIUM;XIRECS;10004.0;3
845900;;;ASH_COATED_OSMIUM;XIRECS;9989.0;9
846300;;;INTARIAN_PEPPER_ROOT;XIRECS;11840.0;3
846600;;;INTARIAN_PEPPER_ROOT;XIRECS;11840.0;5
847200;;;ASH_COATED_OSMIUM;XIRECS;9989.0;3
847400;;;INTARIAN_PEPPER_ROOT;XIRECS;11843.0;7
850900;;;ASH_COATED_OSMIUM;XIRECS;10004.0;5
851900;;;INTARIAN_PEPPER_ROOT;XIRECS;11848.0;4
852400;;;ASH_COATED_OSMIUM;XIRECS;9986.0;5
855000;;;ASH_COATED_OSMIUM;XIRECS;9989.0;4
856800;;;INTARIAN_PEPPER_ROOT;XIRECS;11853.0;8
859800;;;INTARIAN_PEPPER_ROOT;XIRECS;11863.0;4
861700;;;ASH_COATED_OSMIUM;XIRECS;9990.0;3
862300;;;INTARIAN_PEPPER_ROOT;XIRECS;11869.0;5
864700;;;ASH_COATED_OSMIUM;XIRECS;10008.0;6
865100;;;INTARIAN_PEPPER_ROOT;XIRECS;11859.0;5
865200;;;ASH_COATED_OSMIUM;XIRECS;10006.0;5
865600;;;INTARIAN_PEPPER_ROOT;XIRECS;11869.0;8
866000;;;INTARIAN_PEPPER_ROOT;XIRECS;11860.0;6
868300;;;ASH_COATED_OSMIUM;XIRECS;10008.0;4
869500;;;INTARIAN_PEPPER_ROOT;XIRECS;11876.0;7
870000;;;INTARIAN_PEPPER_ROOT;XIRECS;11876.0;6
870300;;;INTARIAN_PEPPER_ROOT;XIRECS;11864.0;6
870700;;;INTARIAN_PEPPER_ROOT;XIRECS;11877.0;6
871400;;;ASH_COATED_OSMIUM;XIRECS;9995.0;9
873900;;;ASH_COATED_OSMIUM;XIRECS;9992.0;5
874900;;;ASH_COATED_OSMIUM;XIRECS;9992.0;7
875600;;;ASH_COATED_OSMIUM;XIRECS;9992.0;4
875800;;;ASH_COATED_OSMIUM;XIRECS;9992.0;6
875900;;;ASH_COATED_OSMIUM;XIRECS;9992.0;6
881400;;;INTARIAN_PEPPER_ROOT;XIRECS;11875.0;6
881500;;;INTARIAN_PEPPER_ROOT;XIRECS;11888.0;4
881900;;;ASH_COATED_OSMIUM;XIRECS;10012.0;10
883100;;;ASH_COATED_OSMIUM;XIRECS;10010.0;2
884800;;;ASH_COATED_OSMIUM;XIRECS;10010.0;8
886200;;;INTARIAN_PEPPER_ROOT;XIRECS;11893.0;7
888100;;;ASH_COATED_OSMIUM;XIRECS;9991.0;6
888200;;;ASH_COATED_OSMIUM;XIRECS;9994.0;5
888600;;;ASH_COATED_OSMIUM;XIRECS;10010.0;2
891300;;;ASH_COATED_OSMIUM;XIRECS;10003.0;3
893300;;;INTARIAN_PEPPER_ROOT;XIRECS;11896.0;5
896500;;;INTARIAN_PEPPER_ROOT;XIRECS;11900.0;3
896700;;;ASH_COATED_OSMIUM;XIRECS;9993.0;3
896900;;;ASH_COATED_OSMIUM;XIRECS;10011.0;10
897900;;;INTARIAN_PEPPER_ROOT;XIRECS;11901.0;5
898000;;;ASH_COATED_OSMIUM;XIRECS;10009.0;10
898800;;;ASH_COATED_OSMIUM;XIRECS;10008.0;4
899100;;;ASH_COATED_OSMIUM;XIRECS;9992.0;9
899600;;;ASH_COATED_OSMIUM;XIRECS;10008.0;5
901200;;;INTARIAN_PEPPER_ROOT;XIRECS;11904.0;4
902700;;;ASH_COATED_OSMIUM;XIRECS;9987.0;4
904100;;;ASH_COATED_OSMIUM;XIRECS;9991.0;3
904700;;;ASH_COATED_OSMIUM;XIRECS;10005.0;6
905100;;;INTARIAN_PEPPER_ROOT;XIRECS;11912.0;6
907700;;;ASH_COATED_OSMIUM;XIRECS;10007.0;5
911300;;;ASH_COATED_OSMIUM;XIRECS;9990.0;6
912400;;;INTARIAN_PEPPER_ROOT;XIRECS;11906.0;7
912500;;;ASH_COATED_OSMIUM;XIRECS;10007.0;5
913600;;;INTARIAN_PEPPER_ROOT;XIRECS;11910.0;6
914500;;;ASH_COATED_OSMIUM;XIRECS;9986.0;10
914700;;;ASH_COATED_OSMIUM;XIRECS;10006.0;5
915600;;;ASH_COATED_OSMIUM;XIRECS;9990.0;5
917100;;;ASH_COATED_OSMIUM;XIRECS;9990.0;6
918300;;;INTARIAN_PEPPER_ROOT;XIRECS;11921.0;3
918900;;;INTARIAN_PEPPER_ROOT;XIRECS;11925.0;3
919000;;;ASH_COATED_OSMIUM;XIRECS;10005.0;3
920000;;;ASH_COATED_OSMIUM;XIRECS;10006.0;5
921500;;;ASH_COATED_OSMIUM;XIRECS;9989.0;4
922500;;;ASH_COATED_OSMIUM;XIRECS;9988.0;5
922600;;;ASH_COATED_OSMIUM;XIRECS;10008.0;3
925200;;;ASH_COATED_OSMIUM;XIRECS;9989.0;2
928500;;;INTARIAN_PEPPER_ROOT;XIRECS;11935.0;3
929800;;;ASH_COATED_OSMIUM;XIRECS;10004.0;3
933200;;;INTARIAN_PEPPER_ROOT;XIRECS;11924.0;3
934300;;;ASH_COATED_OSMIUM;XIRECS;9990.0;6
935000;;;ASH_COATED_OSMIUM;XIRECS;10007.0;5
935200;;;ASH_COATED_OSMIUM;XIRECS;10005.0;3
936400;;;ASH_COATED_OSMIUM;XIRECS;9987.0;3
936400;;;ASH_COATED_OSMIUM;XIRECS;10006.0;6
937900;;;ASH_COATED_OSMIUM;XIRECS;10006.0;2
938200;;;INTARIAN_PEPPER_ROOT;XIRECS;11934.0;3
939300;;;ASH_COATED_OSMIUM;XIRECS;10006.0;2
939400;;;ASH_COATED_OSMIUM;XIRECS;10008.0;3
939900;;;ASH_COATED_OSMIUM;XIRECS;9990.0;4
940300;;;ASH_COATED_OSMIUM;XIRECS;9990.0;6
940900;;;ASH_COATED_OSMIUM;XIRECS;9991.0;4
940900;;;ASH_COATED_OSMIUM;XIRECS;9991.0;9
941600;;;INTARIAN_PEPPER_ROOT;XIRECS;11935.0;5
944100;;;INTARIAN_PEPPER_ROOT;XIRECS;11951.0;3
944400;;;INTARIAN_PEPPER_ROOT;XIRECS;11954.0;7
945800;;;INTARIAN_PEPPER_ROOT;XIRECS;11949.0;3
947600;;;INTARIAN_PEPPER_ROOT;XIRECS;11941.0;7
948900;;;ASH_COATED_OSMIUM;XIRECS;9995.0;4
949400;;;INTARIAN_PEPPER_ROOT;XIRECS;11945.0;6
951500;;;ASH_COATED_OSMIUM;XIRECS;9996.0;6
951800;;;INTARIAN_PEPPER_ROOT;XIRECS;11961.0;6
952000;;;ASH_COATED_OSMIUM;XIRECS;9995.0;6
952100;;;INTARIAN_PEPPER_ROOT;XIRECS;11946.0;4
952900;;;ASH_COATED_OSMIUM;XIRECS;9992.0;9
954500;;;ASH_COATED_OSMIUM;XIRECS;9995.0;5
954800;;;ASH_COATED_OSMIUM;XIRECS;10010.0;5
954800;;;ASH_COATED_OSMIUM;XIRECS;9994.0;7
955200;;;ASH_COATED_OSMIUM;XIRECS;10010.0;6
955300;;;ASH_COATED_OSMIUM;XIRECS;9995.0;6
958000;;;INTARIAN_PEPPER_ROOT;XIRECS;11964.0;3
962100;;;ASH_COATED_OSMIUM;XIRECS;10015.0;5
963100;;;INTARIAN_PEPPER_ROOT;XIRECS;11966.0;5
965400;;;INTARIAN_PEPPER_ROOT;XIRECS;11959.0;5
968200;;;ASH_COATED_OSMIUM;XIRECS;9995.0;3
968200;;;INTARIAN_PEPPER_ROOT;XIRECS;11962.0;7
968700;;;ASH_COATED_OSMIUM;XIRECS;9994.0;6
969300;;;ASH_COATED_OSMIUM;XIRECS;9995.0;3
973300;;;ASH_COATED_OSMIUM;XIRECS;9994.0;2
974400;;;INTARIAN_PEPPER_ROOT;XIRECS;11977.0;5
976100;;;INTARIAN_PEPPER_ROOT;XIRECS;11970.0;3
976700;;;INTARIAN_PEPPER_ROOT;XIRECS;11970.0;6
983900;;;ASH_COATED_OSMIUM;XIRECS;10012.0;7
984200;;;ASH_COATED_OSMIUM;XIRECS;9996.0;2
984400;;;INTARIAN_PEPPER_ROOT;XIRECS;11991.0;3
985200;;;INTARIAN_PEPPER_ROOT;XIRECS;11992.0;5
987100;;;ASH_COATED_OSMIUM;XIRECS;9996.0;6
988000;;;ASH_COATED_OSMIUM;XIRECS;10011.0;6
988100;;;ASH_COATED_OSMIUM;XIRECS;10011.0;8
991300;;;INTARIAN_PEPPER_ROOT;XIRECS;11985.0;7
991500;;;INTARIAN_PEPPER_ROOT;XIRECS;12001.0;6
994100;;;ASH_COATED_OSMIUM;XIRECS;9993.0;10
995200;;;INTARIAN_PEPPER_ROOT;XIRECS;11989.0;4
995800;;;ASH_COATED_OSMIUM;XIRECS;9993.0;6
997100;;;ASH_COATED_OSMIUM;XIRECS;10009.0;6
997800;;;ASH_COATED_OSMIUM;XIRECS;9994.0;5
998300;;;INTARIAN_PEPPER_ROOT;XIRECS;12005.0;6
200;;;INTARIAN_PEPPER_ROOT;XIRECS;12007.0;5
3300;;;INTARIAN_PEPPER_ROOT;XIRECS;12010.0;7
4100;;;INTARIAN_PEPPER_ROOT;XIRECS;11998.0;6
6300;;;ASH_COATED_OSMIUM;XIRECS;10009.0;5
6800;;;INTARIAN_PEPPER_ROOT;XIRECS;12000.0;5
7000;;;ASH_COATED_OSMIUM;XIRECS;10008.0;4
7100;;;ASH_COATED_OSMIUM;XIRECS;10008.0;3
8600;;;ASH_COATED_OSMIUM;XIRECS;10008.0;5
9300;;;ASH_COATED_OSMIUM;XIRECS;9992.0;7
9300;;;INTARIAN_PEPPER_ROOT;XIRECS;12005.0;6
9700;;;ASH_COATED_OSMIUM;XIRECS;10009.0;5
11900;;;INTARIAN_PEPPER_ROOT;XIRECS;12015.0;4
12500;;;ASH_COATED_OSMIUM;XIRECS;10013.0;10
12600;;;ASH_COATED_OSMIUM;XIRECS;10011.0;9
17700;;;ASH_COATED_OSMIUM;XIRECS;10009.0;5
21200;;;ASH_COATED_OSMIUM;XIRECS;10008.0;10
22000;;;ASH_COATED_OSMIUM;XIRECS;9993.0;5
22500;;;INTARIAN_PEPPER_ROOT;XIRECS;12018.0;4
22700;;;ASH_COATED_OSMIUM;XIRECS;9994.0;9
23100;;;INTARIAN_PEPPER_ROOT;XIRECS;12014.0;5
23200;;;ASH_COATED_OSMIUM;XIRECS;9993.0;6
23200;;;INTARIAN_PEPPER_ROOT;XIRECS;12019.0;4
23600;;;ASH_COATED_OSMIUM;XIRECS;9990.0;6
24600;;;ASH_COATED_OSMIUM;XIRECS;10008.0;5
28400;;;INTARIAN_PEPPER_ROOT;XIRECS;12024.0;8
30100;;;ASH_COATED_OSMIUM;XIRECS;10009.0;5
31500;;;ASH_COATED_OSMIUM;XIRECS;9993.0;10
33800;;;ASH_COATED_OSMIUM;XIRECS;10010.0;4
35100;;;ASH_COATED_OSMIUM;XIRECS;9993.0;7
36900;;;INTARIAN_PEPPER_ROOT;XIRECS;12030.0;3
37200;;;INTARIAN_PEPPER_ROOT;XIRECS;12031.0;4
37300;;;ASH_COATED_OSMIUM;XIRECS;10008.0;7
37300;;;INTARIAN_PEPPER_ROOT;XIRECS;12033.0;5
38200;;;INTARIAN_PEPPER_ROOT;XIRECS;12034.0;5
38400;;;INTARIAN_PEPPER_ROOT;XIRECS;12042.0;3
39200;;;INTARIAN_PEPPER_ROOT;XIRECS;12033.0;3
40500;;;ASH_COATED_OSMIUM;XIRECS;10009.0;8
40500;;;INTARIAN_PEPPER_ROOT;XIRECS;12036.0;7
41100;;;ASH_COATED_OSMIUM;XIRECS;9993.0;6
41900;;;ASH_COATED_OSMIUM;XIRECS;9993.0;6
46300;;;ASH_COATED_OSMIUM;XIRECS;9992.0;4
47900;;;INTARIAN_PEPPER_ROOT;XIRECS;12044.0;4
49200;;;INTARIAN_PEPPER_ROOT;XIRECS;12056.0;5
52500;;;ASH_COATED_OSMIUM;XIRECS;10006.0;5
53200;;;INTARIAN_PEPPER_ROOT;XIRECS;12063.0;5
56500;;;ASH_COATED_OSMIUM;XIRECS;9985.0;2
58200;;;ASH_COATED_OSMIUM;XIRECS;10003.0;6
59500;;;ASH_COATED_OSMIUM;XIRECS;10002.0;5
60800;;;ASH_COATED_OSMIUM;XIRECS;10003.0;8
61800;;;ASH_COATED_OSMIUM;XIRECS;10005.0;5
62200;;;ASH_COATED_OSMIUM;XIRECS;9999.0;3
62300;;;ASH_COATED_OSMIUM;XIRECS;10005.0;2
62800;;;ASH_COATED_OSMIUM;XIRECS;10005.0;9
65600;;;INTARIAN_PEPPER_ROOT;XIRECS;12069.0;8
65800;;;INTARIAN_PEPPER_ROOT;XIRECS;12059.0;4
67100;;;INTARIAN_PEPPER_ROOT;XIRECS;12061.0;4
68000;;;ASH_COATED_OSMIUM;XIRECS;10005.0;5
68200;;;INTARIAN_PEPPER_ROOT;XIRECS;12059.0;3
71300;;;ASH_COATED_OSMIUM;XIRECS;9989.0;10
74500;;;INTARIAN_PEPPER_ROOT;XIRECS;12081.0;6
75000;;;INTARIAN_PEPPER_ROOT;XIRECS;12068.0;5
77900;;;INTARIAN_PEPPER_ROOT;XIRECS;12071.0;4
78300;;;ASH_COATED_OSMIUM;XIRECS;9994.0;2
79400;;;ASH_COATED_OSMIUM;XIRECS;10013.0;4
79600;;;ASH_COATED_OSMIUM;XIRECS;10010.0;5
79800;;;INTARIAN_PEPPER_ROOT;XIRECS;12073.0;6
81400;;;ASH_COATED_OSMIUM;XIRECS;10008.0;2
85300;;;INTARIAN_PEPPER_ROOT;XIRECS;12088.0;6
86800;;;ASH_COATED_OSMIUM;XIRECS;9991.0;10
86800;;;INTARIAN_PEPPER_ROOT;XIRECS;12090.0;5
89000;;;ASH_COATED_OSMIUM;XIRECS;10012.0;4
92600;;;INTARIAN_PEPPER_ROOT;XIRECS;12096.0;5
96000;;;INTARIAN_PEPPER_ROOT;XIRECS;12089.0;7
96900;;;INTARIAN_PEPPER_ROOT;XIRECS;12103.0;4
97500;;;ASH_COATED_OSMIUM;XIRECS;9990.0;6
97600;;;ASH_COATED_OSMIUM;XIRECS;10008.0;6
100000;;;INTARIAN_PEPPER_ROOT;XIRECS;12103.0;4
100100;;;INTARIAN_PEPPER_ROOT;XIRECS;12107.0;7
102600;;;INTARIAN_PEPPER_ROOT;XIRECS;12098.0;4
106900;;;ASH_COATED_OSMIUM;XIRECS;10010.0;7
110100;;;INTARIAN_PEPPER_ROOT;XIRECS;12117.0;7
111300;;;ASH_COATED_OSMIUM;XIRECS;9995.0;3
112200;;;ASH_COATED_OSMIUM;XIRECS;10010.0;2
113600;;;INTARIAN_PEPPER_ROOT;XIRECS;12120.0;7
115400;;;INTARIAN_PEPPER_ROOT;XIRECS;12122.0;6
116600;;;ASH_COATED_OSMIUM;XIRECS;9996.0;8
118200;;;INTARIAN_PEPPER_ROOT;XIRECS;12125.0;6
120700;;;ASH_COATED_OSMIUM;XIRECS;9996.0;5
120800;;;ASH_COATED_OSMIUM;XIRECS;10002.0;5
126000;;;INTARIAN_PEPPER_ROOT;XIRECS;12119.0;5
128400;;;INTARIAN_PEPPER_ROOT;XIRECS;12122.0;7
128900;;;ASH_COATED_OSMIUM;XIRECS;9999.0;3
132300;;;ASH_COATED_OSMIUM;XIRECS;10008.0;4
134100;;;ASH_COATED_OSMIUM;XIRECS;9991.0;2
137400;;;ASH_COATED_OSMIUM;XIRECS;9993.0;7
139000;;;ASH_COATED_OSMIUM;XIRECS;9994.0;7
139000;;;INTARIAN_PEPPER_ROOT;XIRECS;12146.0;3
139100;;;ASH_COATED_OSMIUM;XIRECS;10010.0;2
139400;;;INTARIAN_PEPPER_ROOT;XIRECS;12133.0;7
141700;;;INTARIAN_PEPPER_ROOT;XIRECS;12145.0;6
142400;;;INTARIAN_PEPPER_ROOT;XIRECS;12138.0;5
143400;;;INTARIAN_PEPPER_ROOT;XIRECS;12137.0;7
147600;;;INTARIAN_PEPPER_ROOT;XIRECS;12154.0;6
147700;;;INTARIAN_PEPPER_ROOT;XIRECS;12154.0;3
148100;;;INTARIAN_PEPPER_ROOT;XIRECS;12144.0;3
148700;;;INTARIAN_PEPPER_ROOT;XIRECS;12145.0;8
150500;;;INTARIAN_PEPPER_ROOT;XIRECS;12144.0;6
151400;;;ASH_COATED_OSMIUM;XIRECS;9991.0;6
153700;;;ASH_COATED_OSMIUM;XIRECS;9996.0;5
153800;;;ASH_COATED_OSMIUM;XIRECS;9996.0;5
157600;;;ASH_COATED_OSMIUM;XIRECS;9999.0;5
159500;;;INTARIAN_PEPPER_ROOT;XIRECS;12153.0;7
166700;;;ASH_COATED_OSMIUM;XIRECS;10016.0;6
167900;;;ASH_COATED_OSMIUM;XIRECS;10014.0;4
168000;;;ASH_COATED_OSMIUM;XIRECS;9998.0;8
168600;;;ASH_COATED_OSMIUM;XIRECS;9995.0;6
169500;;;ASH_COATED_OSMIUM;XIRECS;10013.0;5
170000;;;INTARIAN_PEPPER_ROOT;XIRECS;12177.0;7
170400;;;INTARIAN_PEPPER_ROOT;XIRECS;12164.0;3
171200;;;ASH_COATED_OSMIUM;XIRECS;9998.0;3
172200;;;ASH_COATED_OSMIUM;XIRECS;9995.0;2
172800;;;INTARIAN_PEPPER_ROOT;XIRECS;12176.0;3
179600;;;INTARIAN_PEPPER_ROOT;XIRECS;12170.0;5
180500;;;ASH_COATED_OSMIUM;XIRECS;10001.0;2
180600;;;ASH_COATED_OSMIUM;XIRECS;10001.0;5
182200;;;INTARIAN_PEPPER_ROOT;XIRECS;12189.0;5
183700;;;INTARIAN_PEPPER_ROOT;XIRECS;12190.0;3
186400;;;INTARIAN_PEPPER_ROOT;XIRECS;12193.0;7
186800;;;ASH_COATED_OSMIUM;XIRECS;10015.0;5
187700;;;ASH_COATED_OSMIUM;XIRECS;9999.0;2
191200;;;ASH_COATED_OSMIUM;XIRECS;10013.0;10
192400;;;INTARIAN_PEPPER_ROOT;XIRECS;12186.0;3
192800;;;ASH_COATED_OSMIUM;XIRECS;10013.0;3
192800;;;INTARIAN_PEPPER_ROOT;XIRECS;12199.0;7
193800;;;ASH_COATED_OSMIUM;XIRECS;9997.0;3
194400;;;ASH_COATED_OSMIUM;XIRECS;9997.0;4
196500;;;INTARIAN_PEPPER_ROOT;XIRECS;12192.0;7
198500;;;ASH_COATED_OSMIUM;XIRECS;10014.0;2
198800;;;INTARIAN_PEPPER_ROOT;XIRECS;12192.0;6
202000;;;ASH_COATED_OSMIUM;XIRECS;9996.0;2
203700;;;INTARIAN_PEPPER_ROOT;XIRECS;12213.0;7
204900;;;ASH_COATED_OSMIUM;XIRECS;10010.0;9
205800;;;ASH_COATED_OSMIUM;XIRECS;9999.0;5
207200;;;ASH_COATED_OSMIUM;XIRECS;10008.0;2
209800;;;ASH_COATED_OSMIUM;XIRECS;9989.0;9
210100;;;ASH_COATED_OSMIUM;XIRECS;10006.0;3
211000;;;ASH_COATED_OSMIUM;XIRECS;9990.0;8
212000;;;ASH_COATED_OSMIUM;XIRECS;9990.0;7
213100;;;INTARIAN_PEPPER_ROOT;XIRECS;12216.0;6
213500;;;ASH_COATED_OSMIUM;XIRECS;10005.0;5
214400;;;ASH_COATED_OSMIUM;XIRECS;9988.0;8
214600;;;ASH_COATED_OSMIUM;XIRECS;10007.0;6
216000;;;INTARIAN_PEPPER_ROOT;XIRECS;12212.0;3
216600;;;INTARIAN_PEPPER_ROOT;XIRECS;12212.0;7
216800;;;INTARIAN_PEPPER_ROOT;XIRECS;12223.0;6
219100;;;ASH_COATED_OSMIUM;XIRECS;9993.0;5
221300;;;ASH_COATED_OSMIUM;XIRECS;10009.0;10
224500;;;INTARIAN_PEPPER_ROOT;XIRECS;12231.0;6
224700;;;ASH_COATED_OSMIUM;XIRECS;9992.0;7
226400;;;ASH_COATED_OSMIUM;XIRECS;9991.0;5
229300;;;INTARIAN_PEPPER_ROOT;XIRECS;12236.0;6
230100;;;ASH_COATED_OSMIUM;XIRECS;10007.0;4
230600;;;ASH_COATED_OSMIUM;XIRECS;10008.0;7
233100;;;INTARIAN_PEPPER_ROOT;XIRECS;12226.0;5
233600;;;ASH_COATED_OSMIUM;XIRECS;9990.0;7
234200;;;ASH_COATED_OSMIUM;XIRECS;9989.0;6
235100;;;ASH_COATED_OSMIUM;XIRECS;10005.0;6
235800;;;ASH_COATED_OSMIUM;XIRECS;10004.0;5
235900;;;INTARIAN_PEPPER_ROOT;XIRECS;12226.0;7
237100;;;INTARIAN_PEPPER_ROOT;XIRECS;12247.0;6
237600;;;INTARIAN_PEPPER_ROOT;XIRECS;12231.0;3
238200;;;ASH_COATED_OSMIUM;XIRECS;9986.0;8
240400;;;INTARIAN_PEPPER_ROOT;XIRECS;12234.0;6
240900;;;INTARIAN_PEPPER_ROOT;XIRECS;12251.0;5
243400;;;INTARIAN_PEPPER_ROOT;XIRECS;12237.0;5
244200;;;INTARIAN_PEPPER_ROOT;XIRECS;12251.0;6
246200;;;ASH_COATED_OSMIUM;XIRECS;9986.0;3
248500;;;INTARIAN_PEPPER_ROOT;XIRECS;12244.0;8
249200;;;INTARIAN_PEPPER_ROOT;XIRECS;12256.0;4
249400;;;ASH_COATED_OSMIUM;XIRECS;9985.0;6
251000;;;ASH_COATED_OSMIUM;XIRECS;9985.0;4
251800;;;INTARIAN_PEPPER_ROOT;XIRECS;12255.0;4
251900;;;ASH_COATED_OSMIUM;XIRECS;10002.0;3
253600;;;ASH_COATED_OSMIUM;XIRECS;9985.0;3
254100;;;INTARIAN_PEPPER_ROOT;XIRECS;12261.0;6
255700;;;ASH_COATED_OSMIUM;XIRECS;10002.0;4
256000;;;ASH_COATED_OSMIUM;XIRECS;10003.0;5
256700;;;INTARIAN_PEPPER_ROOT;XIRECS;12263.0;5
257900;;;ASH_COATED_OSMIUM;XIRECS;10003.0;7
258200;;;ASH_COATED_OSMIUM;XIRECS;10003.0;3
258500;;;ASH_COATED_OSMIUM;XIRECS;9988.0;9
260200;;;INTARIAN_PEPPER_ROOT;XIRECS;12256.0;3
262100;;;INTARIAN_PEPPER_ROOT;XIRECS;12269.0;6
262400;;;ASH_COATED_OSMIUM;XIRECS;10007.0;10
264000;;;INTARIAN_PEPPER_ROOT;XIRECS;12257.0;3
265200;;;INTARIAN_PEPPER_ROOT;XIRECS;12261.0;8
265500;;;INTARIAN_PEPPER_ROOT;XIRECS;12261.0;6
265900;;;INTARIAN_PEPPER_ROOT;XIRECS;12262.0;8
266300;;;ASH_COATED_OSMIUM;XIRECS;10010.0;3
267000;;;ASH_COATED_OSMIUM;XIRECS;10009.0;5
268400;;;ASH_COATED_OSMIUM;XIRECS;9993.0;7
271900;;;INTARIAN_PEPPER_ROOT;XIRECS;12282.0;7
272000;;;ASH_COATED_OSMIUM;XIRECS;10014.0;3
273000;;;ASH_COATED_OSMIUM;XIRECS;9996.0;6
274000;;;ASH_COATED_OSMIUM;XIRECS;10011.0;3
276900;;;ASH_COATED_OSMIUM;XIRECS;10010.0;5
277700;;;INTARIAN_PEPPER_ROOT;XIRECS;12284.0;4
280600;;;ASH_COATED_OSMIUM;XIRECS;9994.0;6
280600;;;INTARIAN_PEPPER_ROOT;XIRECS;12276.0;8
282800;;;ASH_COATED_OSMIUM;XIRECS;9992.0;8
285700;;;ASH_COATED_OSMIUM;XIRECS;9997.0;10
287000;;;ASH_COATED_OSMIUM;XIRECS;10006.0;2
292000;;;ASH_COATED_OSMIUM;XIRECS;9991.0;7
292400;;;INTARIAN_PEPPER_ROOT;XIRECS;12296.0;6
293200;;;INTARIAN_PEPPER_ROOT;XIRECS;12289.0;7
293700;;;ASH_COATED_OSMIUM;XIRECS;10010.0;4
295400;;;ASH_COATED_OSMIUM;XIRECS;10008.0;10
297300;;;INTARIAN_PEPPER_ROOT;XIRECS;12293.0;3
297600;;;INTARIAN_PEPPER_ROOT;XIRECS;12293.0;8
298500;;;ASH_COATED_OSMIUM;XIRECS;10015.0;6
298500;;;INTARIAN_PEPPER_ROOT;XIRECS;12292.0;7
299900;;;ASH_COATED_OSMIUM;XIRECS;9996.0;4
300500;;;INTARIAN_PEPPER_ROOT;XIRECS;12294.0;3
302600;;;ASH_COATED_OSMIUM;XIRECS;10012.0;2
303200;;;ASH_COATED_OSMIUM;XIRECS;10010.0;8
305000;;;ASH_COATED_OSMIUM;XIRECS;9999.0;5
305100;;;INTARIAN_PEPPER_ROOT;XIRECS;12298.0;6
307100;;;INTARIAN_PEPPER_ROOT;XIRECS;12314.0;4
311500;;;ASH_COATED_OSMIUM;XIRECS;9993.0;10
313100;;;ASH_COATED_OSMIUM;XIRECS;10011.0;5
315300;;;ASH_COATED_OSMIUM;XIRECS;9995.0;5
317300;;;INTARIAN_PEPPER_ROOT;XIRECS;12327.0;5
318500;;;INTARIAN_PEPPER_ROOT;XIRECS;12312.0;6
318600;;;ASH_COATED_OSMIUM;XIRECS;9993.0;5
319300;;;INTARIAN_PEPPER_ROOT;XIRECS;12313.0;5
320400;;;ASH_COATED_OSMIUM;XIRECS;10015.0;7
321500;;;INTARIAN_PEPPER_ROOT;XIRECS;12328.0;3
321800;;;ASH_COATED_OSMIUM;XIRECS;9995.0;10
323700;;;ASH_COATED_OSMIUM;XIRECS;9995.0;6
325600;;;ASH_COATED_OSMIUM;XIRECS;9993.0;6
327600;;;INTARIAN_PEPPER_ROOT;XIRECS;12323.0;3
329100;;;INTARIAN_PEPPER_ROOT;XIRECS;12322.0;5
331600;;;INTARIAN_PEPPER_ROOT;XIRECS;12322.0;7
332900;;;ASH_COATED_OSMIUM;XIRECS;9995.0;5
335800;;;ASH_COATED_OSMIUM;XIRECS;9994.0;10
337100;;;ASH_COATED_OSMIUM;XIRECS;10012.0;8
340300;;;INTARIAN_PEPPER_ROOT;XIRECS;12347.0;6
340500;;;ASH_COATED_OSMIUM;XIRECS;10009.0;4
342900;;;ASH_COATED_OSMIUM;XIRECS;9995.0;9
346300;;;INTARIAN_PEPPER_ROOT;XIRECS;12350.0;8
350000;;;ASH_COATED_OSMIUM;XIRECS;10009.0;3
351800;;;ASH_COATED_OSMIUM;XIRECS;10010.0;5
352200;;;ASH_COATED_OSMIUM;XIRECS;9995.0;4
352200;;;INTARIAN_PEPPER_ROOT;XIRECS;12359.0;7
354000;;;INTARIAN_PEPPER_ROOT;XIRECS;12350.0;3
354400;;;ASH_COATED_OSMIUM;XIRECS;10010.0;3
354400;;;INTARIAN_PEPPER_ROOT;XIRECS;12350.0;4
355300;;;INTARIAN_PEPPER_ROOT;XIRECS;12349.0;7
356100;;;INTARIAN_PEPPER_ROOT;XIRECS;12349.0;4
360900;;;ASH_COATED_OSMIUM;XIRECS;10010.0;5
361900;;;INTARIAN_PEPPER_ROOT;XIRECS;12369.0;6
363100;;;INTARIAN_PEPPER_ROOT;XIRECS;12356.0;4
366200;;;ASH_COATED_OSMIUM;XIRECS;10012.0;5
366200;;;ASH_COATED_OSMIUM;XIRECS;10012.0;7
368900;;;ASH_COATED_OSMIUM;XIRECS;9999.0;5
374200;;;INTARIAN_PEPPER_ROOT;XIRECS;12381.0;5
374300;;;INTARIAN_PEPPER_ROOT;XIRECS;12368.0;3
374900;;;INTARIAN_PEPPER_ROOT;XIRECS;12382.0;5
376000;;;ASH_COATED_OSMIUM;XIRECS;10011.0;2
376100;;;INTARIAN_PEPPER_ROOT;XIRECS;12369.0;5
378200;;;INTARIAN_PEPPER_ROOT;XIRECS;12372.0;3
378500;;;INTARIAN_PEPPER_ROOT;XIRECS;12385.0;7
379400;;;INTARIAN_PEPPER_ROOT;XIRECS;12386.0;7
379500;;;ASH_COATED_OSMIUM;XIRECS;9993.0;9
379800;;;ASH_COATED_OSMIUM;XIRECS;9995.0;8
380200;;;ASH_COATED_OSMIUM;XIRECS;9994.0;5
380400;;;ASH_COATED_OSMIUM;XIRECS;9994.0;6
381800;;;INTARIAN_PEPPER_ROOT;XIRECS;12372.0;6
383300;;;ASH_COATED_OSMIUM;XIRECS;10009.0;8
384100;;;ASH_COATED_OSMIUM;XIRECS;9993.0;3
384800;;;ASH_COATED_OSMIUM;XIRECS;9993.0;7
386500;;;INTARIAN_PEPPER_ROOT;XIRECS;12390.0;3
387500;;;INTARIAN_PEPPER_ROOT;XIRECS;12391.0;7
388200;;;ASH_COATED_OSMIUM;XIRECS;10011.0;10
388500;;;ASH_COATED_OSMIUM;XIRECS;10011.0;7
389500;;;ASH_COATED_OSMIUM;XIRECS;9992.0;2
389500;;;INTARIAN_PEPPER_ROOT;XIRECS;12383.0;4
392200;;;ASH_COATED_OSMIUM;XIRECS;9992.0;4
397900;;;INTARIAN_PEPPER_ROOT;XIRECS;12394.0;6
398400;;;INTARIAN_PEPPER_ROOT;XIRECS;12405.0;5
398600;;;ASH_COATED_OSMIUM;XIRECS;10012.0;9
399300;;;ASH_COATED_OSMIUM;XIRECS;10011.0;5
400900;;;INTARIAN_PEPPER_ROOT;XIRECS;12391.0;4
401200;;;ASH_COATED_OSMIUM;XIRECS;10012.0;5
404700;;;INTARIAN_PEPPER_ROOT;XIRECS;12395.0;5
405700;;;ASH_COATED_OSMIUM;XIRECS;9993.0;6
407200;;;ASH_COATED_OSMIUM;XIRECS;10011.0;4
408200;;;ASH_COATED_OSMIUM;XIRECS;9992.0;6
409000;;;ASH_COATED_OSMIUM;XIRECS;9994.0;2
409600;;;INTARIAN_PEPPER_ROOT;XIRECS;12405.0;6
410100;;;ASH_COATED_OSMIUM;XIRECS;10010.0;3
410200;;;ASH_COATED_OSMIUM;XIRECS;10013.0;5
412500;;;ASH_COATED_OSMIUM;XIRECS;9992.0;7
413900;;;ASH_COATED_OSMIUM;XIRECS;10012.0;5
416000;;;ASH_COATED_OSMIUM;XIRECS;9999.0;2
421200;;;INTARIAN_PEPPER_ROOT;XIRECS;12424.0;5
422100;;;INTARIAN_PEPPER_ROOT;XIRECS;12415.0;7
422200;;;ASH_COATED_OSMIUM;XIRECS;10009.0;6
423200;;;ASH_COATED_OSMIUM;XIRECS;9993.0;6
424000;;;ASH_COATED_OSMIUM;XIRECS;10007.0;8
425300;;;ASH_COATED_OSMIUM;XIRECS;10008.0;4
425600;;;ASH_COATED_OSMIUM;XIRECS;10006.0;8
426000;;;ASH_COATED_OSMIUM;XIRECS;10007.0;7
430500;;;ASH_COATED_OSMIUM;XIRECS;9991.0;4
432600;;;ASH_COATED_OSMIUM;XIRECS;9991.0;6
434800;;;INTARIAN_PEPPER_ROOT;XIRECS;12428.0;3
435000;;;ASH_COATED_OSMIUM;XIRECS;10008.0;4
437100;;;INTARIAN_PEPPER_ROOT;XIRECS;12427.0;5
438900;;;ASH_COATED_OSMIUM;XIRECS;10011.0;5
439500;;;ASH_COATED_OSMIUM;XIRECS;9989.0;6
441100;;;ASH_COATED_OSMIUM;XIRECS;9993.0;3
441600;;;ASH_COATED_OSMIUM;XIRECS;10003.0;4
442300;;;INTARIAN_PEPPER_ROOT;XIRECS;12438.0;7
446300;;;INTARIAN_PEPPER_ROOT;XIRECS;12453.0;5
448600;;;INTARIAN_PEPPER_ROOT;XIRECS;12455.0;3
448900;;;ASH_COATED_OSMIUM;XIRECS;10010.0;5
450900;;;INTARIAN_PEPPER_ROOT;XIRECS;12444.0;6
451200;;;INTARIAN_PEPPER_ROOT;XIRECS;12444.0;7
452500;;;INTARIAN_PEPPER_ROOT;XIRECS;12456.0;8
454100;;;ASH_COATED_OSMIUM;XIRECS;9999.0;6
454400;;;ASH_COATED_OSMIUM;XIRECS;9999.0;8
458100;;;INTARIAN_PEPPER_ROOT;XIRECS;12454.0;8
459800;;;INTARIAN_PEPPER_ROOT;XIRECS;12453.0;6
460800;;;ASH_COATED_OSMIUM;XIRECS;9998.0;5
463700;;;INTARIAN_PEPPER_ROOT;XIRECS;12467.0;3
469200;;;ASH_COATED_OSMIUM;XIRECS;10014.0;3
470800;;;ASH_COATED_OSMIUM;XIRECS;10014.0;9
470800;;;INTARIAN_PEPPER_ROOT;XIRECS;12478.0;7
471100;;;INTARIAN_PEPPER_ROOT;XIRECS;12474.0;6
475200;;;ASH_COATED_OSMIUM;XIRECS;9995.0;6
477400;;;ASH_COATED_OSMIUM;XIRECS;10010.0;5
477900;;;ASH_COATED_OSMIUM;XIRECS;10008.0;3
478200;;;ASH_COATED_OSMIUM;XIRECS;10008.0;3
478700;;;INTARIAN_PEPPER_ROOT;XIRECS;12474.0;3
480500;;;INTARIAN_PEPPER_ROOT;XIRECS;12487.0;4
484300;;;ASH_COATED_OSMIUM;XIRECS;9988.0;9
485200;;;ASH_COATED_OSMIUM;XIRECS;9989.0;6
485300;;;INTARIAN_PEPPER_ROOT;XIRECS;12479.0;3
486400;;;ASH_COATED_OSMIUM;XIRECS;10009.0;5
486700;;;INTARIAN_PEPPER_ROOT;XIRECS;12480.0;4
487800;;;INTARIAN_PEPPER_ROOT;XIRECS;12481.0;3
489100;;;ASH_COATED_OSMIUM;XIRECS;9994.0;6
490700;;;ASH_COATED_OSMIUM;XIRECS;9993.0;3
491300;;;INTARIAN_PEPPER_ROOT;XIRECS;12495.0;4
492400;;;INTARIAN_PEPPER_ROOT;XIRECS;12486.0;3
495900;;;INTARIAN_PEPPER_ROOT;XIRECS;12489.0;6
496300;;;ASH_COATED_OSMIUM;XIRECS;9991.0;3
498300;;;ASH_COATED_OSMIUM;XIRECS;9993.0;7
501000;;;ASH_COATED_OSMIUM;XIRECS;9992.0;2
505400;;;ASH_COATED_OSMIUM;XIRECS;10011.0;5
506500;;;ASH_COATED_OSMIUM;XIRECS;10012.0;3
506800;;;ASH_COATED_OSMIUM;XIRECS;10000.0;2
513000;;;INTARIAN_PEPPER_ROOT;XIRECS;12520.0;6
513400;;;INTARIAN_PEPPER_ROOT;XIRECS;12520.0;7
513900;;;INTARIAN_PEPPER_ROOT;XIRECS;12517.0;7
514700;;;INTARIAN_PEPPER_ROOT;XIRECS;12521.0;5
515500;;;ASH_COATED_OSMIUM;XIRECS;9997.0;6
516100;;;INTARIAN_PEPPER_ROOT;XIRECS;12509.0;7
516900;;;INTARIAN_PEPPER_ROOT;XIRECS;12510.0;5
517700;;;ASH_COATED_OSMIUM;XIRECS;10003.0;3
520900;;;ASH_COATED_OSMIUM;XIRECS;10016.0;6
521700;;;ASH_COATED_OSMIUM;XIRECS;10015.0;5
522200;;;ASH_COATED_OSMIUM;XIRECS;9998.0;5
522800;;;INTARIAN_PEPPER_ROOT;XIRECS;12530.0;5
523600;;;ASH_COATED_OSMIUM;XIRECS;9997.0;9
524200;;;INTARIAN_PEPPER_ROOT;XIRECS;12521.0;7
525500;;;ASH_COATED_OSMIUM;XIRECS;10013.0;3
526000;;;ASH_COATED_OSMIUM;XIRECS;10013.0;7
526400;;;ASH_COATED_OSMIUM;XIRECS;10013.0;5
527700;;;ASH_COATED_OSMIUM;XIRECS;9994.0;3
530400;;;INTARIAN_PEPPER_ROOT;XIRECS;12534.0;7
531200;;;ASH_COATED_OSMIUM;XIRECS;10013.0;2
532000;;;INTARIAN_PEPPER_ROOT;XIRECS;12525.0;4
533100;;;INTARIAN_PEPPER_ROOT;XIRECS;12523.0;5
533800;;;ASH_COATED_OSMIUM;XIRECS;10015.0;4
534300;;;ASH_COATED_OSMIUM;XIRECS;10001.0;6
536800;;;ASH_COATED_OSMIUM;XIRECS;10019.0;2
537400;;;ASH_COATED_OSMIUM;XIRECS;10020.0;2
538300;;;INTARIAN_PEPPER_ROOT;XIRECS;12545.0;6
539900;;;INTARIAN_PEPPER_ROOT;XIRECS;12550.0;5
541000;;;ASH_COATED_OSMIUM;XIRECS;10021.0;6
541200;;;INTARIAN_PEPPER_ROOT;XIRECS;12534.0;7
544100;;;ASH_COATED_OSMIUM;XIRECS;10007.0;7
545400;;;ASH_COATED_OSMIUM;XIRECS;10023.0;2
546100;;;ASH_COATED_OSMIUM;XIRECS;10006.0;5
546800;;;INTARIAN_PEPPER_ROOT;XIRECS;12540.0;6
548100;;;ASH_COATED_OSMIUM;XIRECS;10026.0;9
548400;;;ASH_COATED_OSMIUM;XIRECS;10003.0;4
553700;;;ASH_COATED_OSMIUM;XIRECS;10003.0;5
554200;;;INTARIAN_PEPPER_ROOT;XIRECS;12561.0;3
554300;;;INTARIAN_PEPPER_ROOT;XIRECS;12550.0;3
557200;;;ASH_COATED_OSMIUM;XIRECS;10019.0;6
557600;;;ASH_COATED_OSMIUM;XIRECS;10021.0;6
560100;;;ASH_COATED_OSMIUM;XIRECS;10019.0;6
563400;;;INTARIAN_PEPPER_ROOT;XIRECS;12557.0;4
563900;;;ASH_COATED_OSMIUM;XIRECS;10000.0;3
564300;;;ASH_COATED_OSMIUM;XIRECS;10018.0;3
566200;;;INTARIAN_PEPPER_ROOT;XIRECS;12559.0;6
566300;;;ASH_COATED_OSMIUM;XIRECS;10018.0;5
567200;;;ASH_COATED_OSMIUM;XIRECS;10019.0;5
568200;;;INTARIAN_PEPPER_ROOT;XIRECS;12564.0;7
568500;;;ASH_COATED_OSMIUM;XIRECS;10012.0;5
573800;;;ASH_COATED_OSMIUM;XIRECS;10019.0;6
574600;;;ASH_COATED_OSMIUM;XIRECS;10001.0;9
575200;;;ASH_COATED_OSMIUM;XIRECS;10017.0;2
575500;;;INTARIAN_PEPPER_ROOT;XIRECS;12582.0;5
576900;;;ASH_COATED_OSMIUM;XIRECS;10000.0;10
579000;;;ASH_COATED_OSMIUM;XIRECS;10000.0;9
579200;;;INTARIAN_PEPPER_ROOT;XIRECS;12575.0;4
579400;;;ASH_COATED_OSMIUM;XIRECS;10016.0;5
580300;;;ASH_COATED_OSMIUM;XIRECS;10017.0;3
581100;;;INTARIAN_PEPPER_ROOT;XIRECS;12574.0;4
581300;;;ASH_COATED_OSMIUM;XIRECS;10000.0;4
583100;;;ASH_COATED_OSMIUM;XIRECS;9998.0;4
584800;;;INTARIAN_PEPPER_ROOT;XIRECS;12595.0;3
586600;;;ASH_COATED_OSMIUM;XIRECS;10015.0;6
587200;;;ASH_COATED_OSMIUM;XIRECS;9997.0;5
589200;;;ASH_COATED_OSMIUM;XIRECS;9994.0;2
591500;;;ASH_COATED_OSMIUM;XIRECS;10013.0;10
592300;;;INTARIAN_PEPPER_ROOT;XIRECS;12599.0;3
595400;;;INTARIAN_PEPPER_ROOT;XIRECS;12585.0;3
596200;;;ASH_COATED_OSMIUM;XIRECS;10014.0;7
603100;;;ASH_COATED_OSMIUM;XIRECS;10015.0;9
604700;;;ASH_COATED_OSMIUM;XIRECS;10013.0;6
607300;;;ASH_COATED_OSMIUM;XIRECS;9996.0;3
607800;;;INTARIAN_PEPPER_ROOT;XIRECS;12615.0;6
608000;;;INTARIAN_PEPPER_ROOT;XIRECS;12604.0;5
608300;;;ASH_COATED_OSMIUM;XIRECS;10011.0;8
609000;;;INTARIAN_PEPPER_ROOT;XIRECS;12616.0;7
609600;;;ASH_COATED_OSMIUM;XIRECS;10009.0;6
610900;;;INTARIAN_PEPPER_ROOT;XIRECS;12618.0;7
611900;;;INTARIAN_PEPPER_ROOT;XIRECS;12622.0;7
615100;;;ASH_COATED_OSMIUM;XIRECS;9993.0;3
616100;;;ASH_COATED_OSMIUM;XIRECS;10007.0;2
616200;;;INTARIAN_PEPPER_ROOT;XIRECS;12623.0;5
618000;;;INTARIAN_PEPPER_ROOT;XIRECS;12614.0;6
618800;;;ASH_COATED_OSMIUM;XIRECS;10009.0;10
619800;;;INTARIAN_PEPPER_ROOT;XIRECS;12627.0;5
619900;;;ASH_COATED_OSMIUM;XIRECS;9994.0;5
623900;;;ASH_COATED_OSMIUM;XIRECS;10014.0;3
624100;;;ASH_COATED_OSMIUM;XIRECS;9995.0;4
626000;;;ASH_COATED_OSMIUM;XIRECS;9993.0;2
626400;;;ASH_COATED_OSMIUM;XIRECS;10002.0;3
626700;;;ASH_COATED_OSMIUM;XIRECS;10008.0;4
628800;;;INTARIAN_PEPPER_ROOT;XIRECS;12622.0;3
629100;;;INTARIAN_PEPPER_ROOT;XIRECS;12625.0;4
630100;;;ASH_COATED_OSMIUM;XIRECS;10009.0;2
631200;;;ASH_COATED_OSMIUM;XIRECS;10010.0;9
632400;;;ASH_COATED_OSMIUM;XIRECS;9994.0;5
632500;;;INTARIAN_PEPPER_ROOT;XIRECS;12639.0;4
632800;;;INTARIAN_PEPPER_ROOT;XIRECS;12626.0;4
633900;;;ASH_COATED_OSMIUM;XIRECS;10004.0;2
634300;;;ASH_COATED_OSMIUM;XIRECS;10011.0;6
634300;;;INTARIAN_PEPPER_ROOT;XIRECS;12624.0;5
635000;;;INTARIAN_PEPPER_ROOT;XIRECS;12638.0;5
635100;;;ASH_COATED_OSMIUM;XIRECS;10010.0;6
638000;;;ASH_COATED_OSMIUM;XIRECS;10013.0;4
638300;;;INTARIAN_PEPPER_ROOT;XIRECS;12628.0;6
639500;;;ASH_COATED_OSMIUM;XIRECS;9995.0;7
639600;;;ASH_COATED_OSMIUM;XIRECS;9996.0;4
639800;;;INTARIAN_PEPPER_ROOT;XIRECS;12643.0;5
641600;;;INTARIAN_PEPPER_ROOT;XIRECS;12637.0;8
641800;;;INTARIAN_PEPPER_ROOT;XIRECS;12645.0;6
642400;;;INTARIAN_PEPPER_ROOT;XIRECS;12638.0;8
644500;;;INTARIAN_PEPPER_ROOT;XIRECS;12638.0;5
648100;;;INTARIAN_PEPPER_ROOT;XIRECS;12651.0;3
649200;;;ASH_COATED_OSMIUM;XIRECS;9999.0;3
649900;;;ASH_COATED_OSMIUM;XIRECS;9991.0;4
654200;;;ASH_COATED_OSMIUM;XIRECS;9990.0;5
654400;;;ASH_COATED_OSMIUM;XIRECS;9991.0;3
656900;;;ASH_COATED_OSMIUM;XIRECS;9996.0;5
657500;;;INTARIAN_PEPPER_ROOT;XIRECS;12664.0;7
657900;;;ASH_COATED_OSMIUM;XIRECS;10007.0;10
660600;;;ASH_COATED_OSMIUM;XIRECS;9984.0;6
663300;;;INTARIAN_PEPPER_ROOT;XIRECS;12667.0;3
664400;;;INTARIAN_PEPPER_ROOT;XIRECS;12654.0;7
665000;;;INTARIAN_PEPPER_ROOT;XIRECS;12672.0;4
665200;;;ASH_COATED_OSMIUM;XIRECS;9999.0;5
665700;;;ASH_COATED_OSMIUM;XIRECS;10000.0;8
667500;;;ASH_COATED_OSMIUM;XIRECS;9984.0;4
667800;;;INTARIAN_PEPPER_ROOT;XIRECS;12675.0;4
668100;;;ASH_COATED_OSMIUM;XIRECS;10000.0;3
668300;;;INTARIAN_PEPPER_ROOT;XIRECS;12675.0;7
668300;;;INTARIAN_PEPPER_ROOT;XIRECS;12672.0;4
670500;;;ASH_COATED_OSMIUM;XIRECS;10003.0;2
670800;;;ASH_COATED_OSMIUM;XIRECS;9987.0;9
671400;;;INTARIAN_PEPPER_ROOT;XIRECS;12665.0;3
674800;;;ASH_COATED_OSMIUM;XIRECS;10005.0;7
676600;;;INTARIAN_PEPPER_ROOT;XIRECS;12680.0;6
676700;;;ASH_COATED_OSMIUM;XIRECS;9984.0;5
679700;;;INTARIAN_PEPPER_ROOT;XIRECS;12673.0;6
680300;;;ASH_COATED_OSMIUM;XIRECS;9987.0;6
681500;;;ASH_COATED_OSMIUM;XIRECS;9983.0;3
682900;;;ASH_COATED_OSMIUM;XIRECS;10003.0;7
683700;;;INTARIAN_PEPPER_ROOT;XIRECS;12691.0;6
684100;;;ASH_COATED_OSMIUM;XIRECS;9987.0;8
684700;;;ASH_COATED_OSMIUM;XIRECS;9985.0;3
686800;;;INTARIAN_PEPPER_ROOT;XIRECS;12680.0;5
688600;;;INTARIAN_PEPPER_ROOT;XIRECS;12682.0;4
690800;;;ASH_COATED_OSMIUM;XIRECS;9983.0;5
693100;;;ASH_COATED_OSMIUM;XIRECS;10001.0;4
694700;;;ASH_COATED_OSMIUM;XIRECS;10001.0;8
694800;;;INTARIAN_PEPPER_ROOT;XIRECS;12702.0;5
696300;;;INTARIAN_PEPPER_ROOT;XIRECS;12700.0;6
696600;;;ASH_COATED_OSMIUM;XIRECS;10001.0;3
696800;;;INTARIAN_PEPPER_ROOT;XIRECS;12700.0;5
699600;;;ASH_COATED_OSMIUM;XIRECS;9997.0;9
700300;;;INTARIAN_PEPPER_ROOT;XIRECS;12707.0;4
700800;;;INTARIAN_PEPPER_ROOT;XIRECS;12708.0;3
708200;;;ASH_COATED_OSMIUM;XIRECS;9998.0;5
709600;;;ASH_COATED_OSMIUM;XIRECS;9999.0;2
709800;;;ASH_COATED_OSMIUM;XIRECS;9997.0;5
710100;;;ASH_COATED_OSMIUM;XIRECS;9997.0;7
719900;;;INTARIAN_PEPPER_ROOT;XIRECS;12716.0;5
720700;;;INTARIAN_PEPPER_ROOT;XIRECS;12714.0;6
721400;;;ASH_COATED_OSMIUM;XIRECS;9997.0;4
722200;;;INTARIAN_PEPPER_ROOT;XIRECS;12729.0;3
724600;;;ASH_COATED_OSMIUM;XIRECS;9995.0;2
728100;;;ASH_COATED_OSMIUM;XIRECS;9999.0;10
728400;;;ASH_COATED_OSMIUM;XIRECS;10000.0;9
729300;;;ASH_COATED_OSMIUM;XIRECS;10000.0;8
730000;;;ASH_COATED_OSMIUM;XIRECS;9999.0;2
731100;;;ASH_COATED_OSMIUM;XIRECS;9983.0;5
731200;;;ASH_COATED_OSMIUM;XIRECS;9983.0;7
732000;;;ASH_COATED_OSMIUM;XIRECS;9982.0;6
732700;;;INTARIAN_PEPPER_ROOT;XIRECS;12728.0;8
738700;;;INTARIAN_PEPPER_ROOT;XIRECS;12732.0;6
739900;;;ASH_COATED_OSMIUM;XIRECS;9981.0;4
743700;;;ASH_COATED_OSMIUM;XIRECS;9984.0;2
743700;;;ASH_COATED_OSMIUM;XIRECS;10003.0;8
745000;;;ASH_COATED_OSMIUM;XIRECS;10001.0;6
746600;;;INTARIAN_PEPPER_ROOT;XIRECS;12742.0;7
746800;;;INTARIAN_PEPPER_ROOT;XIRECS;12750.0;4
747600;;;INTARIAN_PEPPER_ROOT;XIRECS;12758.0;5
751100;;;INTARIAN_PEPPER_ROOT;XIRECS;12758.0;7
753500;;;ASH_COATED_OSMIUM;XIRECS;9988.0;7
755400;;;ASH_COATED_OSMIUM;XIRECS;9989.0;3
755800;;;ASH_COATED_OSMIUM;XIRECS;9989.0;2
756100;;;INTARIAN_PEPPER_ROOT;XIRECS;12749.0;5
756200;;;ASH_COATED_OSMIUM;XIRECS;9989.0;9
757100;;;ASH_COATED_OSMIUM;XIRECS;10006.0;6
757800;;;INTARIAN_PEPPER_ROOT;XIRECS;12751.0;4
759600;;;ASH_COATED_OSMIUM;XIRECS;10006.0;3
762600;;;ASH_COATED_OSMIUM;XIRECS;9990.0;7
763700;;;INTARIAN_PEPPER_ROOT;XIRECS;12754.0;5
765700;;;ASH_COATED_OSMIUM;XIRECS;9989.0;6
767500;;;ASH_COATED_OSMIUM;XIRECS;9995.0;3
767500;;;INTARIAN_PEPPER_ROOT;XIRECS;12761.0;3
767600;;;ASH_COATED_OSMIUM;XIRECS;10006.0;10
768400;;;INTARIAN_PEPPER_ROOT;XIRECS;12775.0;6
769400;;;ASH_COATED_OSMIUM;XIRECS;9991.0;6
769500;;;ASH_COATED_OSMIUM;XIRECS;9990.0;7
770000;;;INTARIAN_PEPPER_ROOT;XIRECS;12773.0;3
770200;;;ASH_COATED_OSMIUM;XIRECS;9988.0;5
773600;;;ASH_COATED_OSMIUM;XIRECS;9992.0;5
774200;;;INTARIAN_PEPPER_ROOT;XIRECS;12767.0;6
774500;;;INTARIAN_PEPPER_ROOT;XIRECS;12778.0;8
779300;;;ASH_COATED_OSMIUM;XIRECS;9988.0;4
780200;;;ASH_COATED_OSMIUM;XIRECS;9987.0;4
780800;;;ASH_COATED_OSMIUM;XIRECS;10006.0;6
781500;;;ASH_COATED_OSMIUM;XIRECS;10008.0;3
781500;;;INTARIAN_PEPPER_ROOT;XIRECS;12777.0;7
782400;;;ASH_COATED_OSMIUM;XIRECS;9987.0;4
782700;;;ASH_COATED_OSMIUM;XIRECS;10004.0;6
783400;;;ASH_COATED_OSMIUM;XIRECS;10005.0;2
784600;;;ASH_COATED_OSMIUM;XIRECS;10006.0;4
785100;;;INTARIAN_PEPPER_ROOT;XIRECS;12792.0;3
787100;;;ASH_COATED_OSMIUM;XIRECS;10008.0;4
788800;;;ASH_COATED_OSMIUM;XIRECS;9989.0;6
791600;;;INTARIAN_PEPPER_ROOT;XIRECS;12798.0;5
792200;;;INTARIAN_PEPPER_ROOT;XIRECS;12785.0;6
793200;;;ASH_COATED_OSMIUM;XIRECS;10005.0;4
793900;;;INTARIAN_PEPPER_ROOT;XIRECS;12790.0;6
794800;;;ASH_COATED_OSMIUM;XIRECS;9990.0;5
795500;;;INTARIAN_PEPPER_ROOT;XIRECS;12789.0;4
796800;;;INTARIAN_PEPPER_ROOT;XIRECS;12800.0;7
797200;;;ASH_COATED_OSMIUM;XIRECS;10004.0;10
797300;;;ASH_COATED_OSMIUM;XIRECS;10004.0;6
798000;;;ASH_COATED_OSMIUM;XIRECS;10006.0;3
798000;;;INTARIAN_PEPPER_ROOT;XIRECS;12808.0;4
799100;;;INTARIAN_PEPPER_ROOT;XIRECS;12789.0;6
800600;;;INTARIAN_PEPPER_ROOT;XIRECS;12796.0;4
801100;;;INTARIAN_PEPPER_ROOT;XIRECS;12808.0;5
802800;;;ASH_COATED_OSMIUM;XIRECS;10006.0;5
803300;;;ASH_COATED_OSMIUM;XIRECS;10006.0;10
804000;;;ASH_COATED_OSMIUM;XIRECS;9987.0;3
804400;;;ASH_COATED_OSMIUM;XIRECS;10009.0;4
805400;;;ASH_COATED_OSMIUM;XIRECS;10006.0;2
808300;;;ASH_COATED_OSMIUM;XIRECS;10010.0;5
808600;;;ASH_COATED_OSMIUM;XIRECS;9993.0;2
809300;;;ASH_COATED_OSMIUM;XIRECS;10011.0;5
809500;;;INTARIAN_PEPPER_ROOT;XIRECS;12805.0;5
812300;;;ASH_COATED_OSMIUM;XIRECS;9991.0;2
812600;;;ASH_COATED_OSMIUM;XIRECS;10010.0;2
814300;;;ASH_COATED_OSMIUM;XIRECS;9994.0;5
814800;;;INTARIAN_PEPPER_ROOT;XIRECS;12825.0;7
815000;;;ASH_COATED_OSMIUM;XIRECS;9994.0;4
815200;;;INTARIAN_PEPPER_ROOT;XIRECS;12822.0;6
818800;;;INTARIAN_PEPPER_ROOT;XIRECS;12826.0;4
819700;;;INTARIAN_PEPPER_ROOT;XIRECS;12827.0;3
821100;;;ASH_COATED_OSMIUM;XIRECS;9995.0;9
822000;;;INTARIAN_PEPPER_ROOT;XIRECS;12818.0;8
825200;;;INTARIAN_PEPPER_ROOT;XIRECS;12821.0;3
830800;;;ASH_COATED_OSMIUM;XIRECS;9995.0;9
831100;;;ASH_COATED_OSMIUM;XIRECS;10012.0;4
831400;;;INTARIAN_PEPPER_ROOT;XIRECS;12835.0;8
832400;;;INTARIAN_PEPPER_ROOT;XIRECS;12839.0;6
835800;;;INTARIAN_PEPPER_ROOT;XIRECS;12843.0;6
838400;;;INTARIAN_PEPPER_ROOT;XIRECS;12828.0;5
838800;;;INTARIAN_PEPPER_ROOT;XIRECS;12842.0;5
841900;;;INTARIAN_PEPPER_ROOT;XIRECS;12845.0;3
842100;;;ASH_COATED_OSMIUM;XIRECS;10012.0;5
843800;;;ASH_COATED_OSMIUM;XIRECS;10013.0;4
844300;;;INTARIAN_PEPPER_ROOT;XIRECS;12851.0;5
844400;;;INTARIAN_PEPPER_ROOT;XIRECS;12837.0;4
846300;;;INTARIAN_PEPPER_ROOT;XIRECS;12839.0;3
848800;;;INTARIAN_PEPPER_ROOT;XIRECS;12856.0;4
851400;;;INTARIAN_PEPPER_ROOT;XIRECS;12858.0;5
852800;;;ASH_COATED_OSMIUM;XIRECS;10007.0;5
853000;;;INTARIAN_PEPPER_ROOT;XIRECS;12863.0;5
853100;;;ASH_COATED_OSMIUM;XIRECS;9996.0;5
853300;;;INTARIAN_PEPPER_ROOT;XIRECS;12846.0;5
854000;;;ASH_COATED_OSMIUM;XIRECS;10014.0;6
856500;;;ASH_COATED_OSMIUM;XIRECS;9992.0;5
860600;;;ASH_COATED_OSMIUM;XIRECS;9992.0;2
861400;;;ASH_COATED_OSMIUM;XIRECS;9993.0;4
861600;;;ASH_COATED_OSMIUM;XIRECS;10009.0;2
861800;;;INTARIAN_PEPPER_ROOT;XIRECS;12865.0;3
864000;;;ASH_COATED_OSMIUM;XIRECS;10007.0;3
864600;;;ASH_COATED_OSMIUM;XIRECS;9990.0;3
864900;;;INTARIAN_PEPPER_ROOT;XIRECS;12868.0;7
866000;;;INTARIAN_PEPPER_ROOT;XIRECS;12873.0;6
