day;timestamp;product;bid_price_1;bid_volume_1;bid_price_2;bid_volume_2;bid_price_3;bid_volume_3;ask_price_1;ask_volume_1;ask_price_2;ask_volume_2;ask_price_3;ask_volume_3;mid_price;profit_and_loss
39;0;VELVETFRUIT_EXTRACT;5265;25;5264;35;;;5270;60;;;;;5267.5;0.0
39;100;VELVETFRUIT_EXTRACT;5263;69;;;;;5268;22;5269;47;;;5265.5;-4.3603515625
39;200;VELVETFRUIT_EXTRACT;5263;67;;;;;5268;22;5269;45;;;5265.5;-4.16259765625
39;300;VELVETFRUIT_EXTRACT;5264;23;5263;44;;;5269;67;;;;;5266.5;-3.7578125
39;400;VELVETFRUIT_EXTRACT;5262;53;;;;;5267;15;5268;38;;;5264.5;-5.28271484375
39;500;VELVETFRUIT_EXTRACT;5261;19;5260;37;;;5266;56;;;;;5263.5;-6.79443359375
39;600;VELVETFRUIT_EXTRACT;5259;66;;;;;5265;66;;;;;5262.0;-8.05517578125
39;700;VELVETFRUIT_EXTRACT;5260;24;5259;44;;;5265;24;5266;44;;;5262.5;-7.4677734375
39;800;VELVETFRUIT_EXTRACT;5260;52;;;;;5265;20;5266;32;;;5262.5;-7.2177734375
39;900;VELVETFRUIT_EXTRACT;5260;66;;;;;5262;8;5265;25;5266;41;5261.0;-7.14501953125
39;1000;VELVETFRUIT_EXTRACT;5260;69;;;;;5265;21;5266;48;;;5262.5;-7.22509765625
39;1100;VELVETFRUIT_EXTRACT;5261;60;;;;;5266;24;5267;36;;;5263.5;-6.27978515625
39;1200;VELVETFRUIT_EXTRACT;5260;22;5259;36;;;5265;58;;;;;5262.5;-7.662109375
39;1300;VELVETFRUIT_EXTRACT;5259;51;;;;;5265;51;;;;;5262.0;-7.921875
39;1400;VELVETFRUIT_EXTRACT;5261;50;;;;;5267;50;;;;;5264.0;-5.94482421875
39;1500;VELVETFRUIT_EXTRACT;5262;56;;;;;5267;16;5268;40;;;5264.5;-5.24755859375
39;1600;VELVETFRUIT_EXTRACT;5262;64;;;;;5267;23;5268;41;;;5264.5;-5.27783203125
39;1700;VELVETFRUIT_EXTRACT;5263;61;;;;;5269;61;;;;;5266.0;-3.984375
39;1800;VELVETFRUIT_EXTRACT;5263;46;;;;;5268;16;5269;30;;;5265.5;-4.24169921875
39;1900;VELVETFRUIT_EXTRACT;5264;25;5263;38;;;5269;25;5270;38;;;5266.5;-3.62060546875
39;2000;VELVETFRUIT_EXTRACT;5266;22;5265;39;;;5271;61;;;;;5268.5;-1.84912109375
39;2100;VELVETFRUIT_EXTRACT;5267;15;5266;30;;;5272;45;;;;;5269.5;-0.671875
39;2200;VELVETFRUIT_EXTRACT;5266;23;5265;39;;;5271;62;;;;;5268.5;-1.77783203125
39;2300;VELVETFRUIT_EXTRACT;5266;65;;;;;5272;65;;;;;5269.0;-1.041015625
39;2400;VELVETFRUIT_EXTRACT;5268;22;5267;30;;;5273;52;;;;;5270.5;0.23095703125
39;2500;VELVETFRUIT_EXTRACT;5270;15;5269;38;;;5275;53;;;;;5272.5;2.2109375
39;2600;VELVETFRUIT_EXTRACT;5270;74;;;;;5275;25;5276;49;;;5272.5;2.6474609375
39;2700;VELVETFRUIT_EXTRACT;5269;69;;;;;5275;69;;;;;5272.0;2.00341796875
39;2800;VELVETFRUIT_EXTRACT;5269;25;5268;42;;;5274;25;5275;42;;;5271.5;1.43798828125
39;2900;VELVETFRUIT_EXTRACT;5267;25;5266;40;;;5272;25;5273;40;;;5269.5;-0.58251953125
39;3000;VELVETFRUIT_EXTRACT;5268;21;5267;32;;;5273;21;5274;32;;;5270.5;0.42333984375
39;3100;VELVETFRUIT_EXTRACT;5270;21;5269;47;;;5275;68;;;;;5272.5;2.255859375
39;3200;VELVETFRUIT_EXTRACT;5270;57;;;;;5276;57;;;;;5273.0;2.90185546875
39;3300;VELVETFRUIT_EXTRACT;5271;17;5270;35;;;5276;17;5277;35;;;5273.5;3.63232421875
39;3400;VELVETFRUIT_EXTRACT;5272;24;5271;41;;;5277;24;5278;41;;;5274.5;4.48486328125
39;3500;VELVETFRUIT_EXTRACT;5271;25;5270;50;;;5276;75;;;;;5273.5;3.2880859375
39;3600;VELVETFRUIT_EXTRACT;5271;60;;;;;5277;60;;;;;5274.0;4.05615234375
39;3700;VELVETFRUIT_EXTRACT;5271;25;5270;44;;;5276;25;5277;44;;;5273.5;3.41357421875
39;3800;VELVETFRUIT_EXTRACT;5271;54;;;;;5276;19;5277;35;;;5273.5;3.87548828125
39;3900;VELVETFRUIT_EXTRACT;5271;65;;;;;5277;65;;;;;5274.0;3.90966796875
39;4000;VELVETFRUIT_EXTRACT;5270;53;;;;;5275;23;5276;30;;;5272.5;2.818359375
39;4100;VELVETFRUIT_EXTRACT;5271;63;;;;;5276;25;5277;38;;;5273.5;3.708984375
39;4200;VELVETFRUIT_EXTRACT;5272;19;5271;32;;;5277;19;5278;32;;;5274.5;4.42724609375
39;4300;VELVETFRUIT_EXTRACT;5272;25;5271;48;;;5277;25;5278;48;;;5274.5;4.3759765625
39;4400;VELVETFRUIT_EXTRACT;5270;22;5269;34;;;5275;56;;;;;5272.5;2.3623046875
39;4500;VELVETFRUIT_EXTRACT;5270;15;5269;48;;;5275;63;;;;;5272.5;2.2119140625
39;4600;VELVETFRUIT_EXTRACT;5268;65;;;;;5273;22;5274;43;;;5270.5;0.83203125
39;4700;VELVETFRUIT_EXTRACT;5268;63;;;;;5274;63;;;;;5271.0;0.96533203125
39;4800;VELVETFRUIT_EXTRACT;5268;63;;;;;5273;21;5274;42;;;5270.5;0.681640625
39;4900;VELVETFRUIT_EXTRACT;5270;64;;;;;5275;16;5276;48;;;5272.5;2.8837890625
39;5000;VELVETFRUIT_EXTRACT;5270;69;;;;;5276;69;;;;;5273.0;3.095703125
39;5100;VELVETFRUIT_EXTRACT;5270;71;;;;;5276;71;;;;;5273.0;2.982421875
39;5200;VELVETFRUIT_EXTRACT;5270;56;;;;;5276;56;;;;;5273.0;2.9990234375
39;5300;VELVETFRUIT_EXTRACT;5271;21;5270;40;;;5276;21;5277;40;;;5273.5;3.47216796875
39;5400;VELVETFRUIT_EXTRACT;5270;53;;;;;5276;53;;;;;5273.0;3.0107421875
39;5500;VELVETFRUIT_EXTRACT;5273;63;;;;;5278;24;5279;39;;;5275.5;5.8095703125
39;5600;VELVETFRUIT_EXTRACT;5273;68;;;;;5279;68;;;;;5276.0;6.09228515625
39;5700;VELVETFRUIT_EXTRACT;5273;69;;;;;5279;69;;;;;5276.0;5.97314453125
39;5800;VELVETFRUIT_EXTRACT;5272;22;5271;30;;;5277;22;5278;30;;;5274.5;4.5107421875
39;5900;VELVETFRUIT_EXTRACT;5275;9;5272;72;;;5277;23;5278;49;;;5276.0;4.83642578125
39;6000;VELVETFRUIT_EXTRACT;5273;19;5272;35;;;5278;19;5279;35;;;5275.5;5.4091796875
39;6100;VELVETFRUIT_EXTRACT;5275;12;5272;56;;;5278;56;;;;;5276.5;5.0341796875
39;6200;VELVETFRUIT_EXTRACT;5273;15;5272;49;;;5278;15;5279;49;;;5275.5;5.3671875
39;6300;VELVETFRUIT_EXTRACT;5275;14;5272;24;5271;44;5277;24;5278;44;;;5276.0;4.57421875
39;6400;VELVETFRUIT_EXTRACT;5271;59;;;;;5276;22;5277;37;;;5273.5;3.7353515625
39;6500;VELVETFRUIT_EXTRACT;5271;22;5270;46;;;5276;22;5277;46;;;5273.5;3.45654296875
39;6600;VELVETFRUIT_EXTRACT;5270;68;;;;;5276;68;;;;;5273.0;3.00048828125
39;6700;VELVETFRUIT_EXTRACT;5270;22;5269;32;;;5275;22;5276;32;;;5272.5;2.3828125
39;6800;VELVETFRUIT_EXTRACT;5270;16;5269;41;;;5275;16;5276;41;;;5272.5;2.49365234375
39;6900;VELVETFRUIT_EXTRACT;5271;19;5270;41;;;5276;19;5277;41;;;5273.5;3.44384765625
39;7000;VELVETFRUIT_EXTRACT;5269;70;;;;;5271;11;5275;70;;;5270.0;2.03564453125
39;7100;VELVETFRUIT_EXTRACT;5268;15;5267;47;;;5273;15;5274;47;;;5270.5;0.51513671875
39;7200;VELVETFRUIT_EXTRACT;5268;61;;;;;5273;23;5274;38;;;5270.5;0.73828125
39;7300;VELVETFRUIT_EXTRACT;5268;56;;;;;5274;56;;;;;5271.0;1.017578125
39;7400;VELVETFRUIT_EXTRACT;5270;72;;;;;5275;23;5276;49;;;5272.5;2.7548828125
39;7500;VELVETFRUIT_EXTRACT;5271;69;;;;;5277;69;;;;;5274.0;3.98291015625
39;7600;VELVETFRUIT_EXTRACT;5270;19;5269;38;;;5275;57;;;;;5272.5;2.130859375
39;7700;VELVETFRUIT_EXTRACT;5270;55;;;;;5276;55;;;;;5273.0;2.98583984375
39;7800;VELVETFRUIT_EXTRACT;5268;64;;;;;5274;64;;;;;5271.0;0.94189453125
39;7900;VELVETFRUIT_EXTRACT;5269;59;;;;;5274;23;5275;36;;;5271.5;1.7041015625
39;8000;VELVETFRUIT_EXTRACT;5271;11;5268;56;;;5273;24;5274;32;;;5272.0;0.7705078125
39;8100;VELVETFRUIT_EXTRACT;5268;18;5267;41;;;5273;18;5274;41;;;5270.5;0.3984375
39;8200;VELVETFRUIT_EXTRACT;5267;56;;;;;5273;56;;;;;5270.0;-0.02685546875
39;8300;VELVETFRUIT_EXTRACT;5267;24;5266;49;;;5272;24;5273;49;;;5269.5;-0.4326171875
39;8400;VELVETFRUIT_EXTRACT;5268;66;;;;;5274;66;;;;;5271.0;1.03515625
39;8500;VELVETFRUIT_EXTRACT;5271;9;5268;64;;;5273;19;5274;45;;;5272.0;0.63720703125
39;8600;VELVETFRUIT_EXTRACT;5268;62;;;;;5273;22;5274;40;;;5270.5;0.6962890625
39;8700;VELVETFRUIT_EXTRACT;5266;60;;;;;5271;17;5272;43;;;5268.5;-1.3388671875
39;8800;VELVETFRUIT_EXTRACT;5265;67;;;;;5270;23;5271;44;;;5267.5;-2.1572265625
39;8900;VELVETFRUIT_EXTRACT;5265;24;5264;31;;;5270;24;5271;31;;;5267.5;-2.37548828125
39;9000;VELVETFRUIT_EXTRACT;5265;22;5264;40;;;5270;62;;;;;5267.5;-2.873046875
39;9100;VELVETFRUIT_EXTRACT;5264;68;;;;;5266;9;5269;20;5270;48;5265.0;-3.3427734375
39;9200;VELVETFRUIT_EXTRACT;5263;64;;;;;5269;64;;;;;5266.0;-3.919921875
39;9300;VELVETFRUIT_EXTRACT;5263;23;5262;35;;;5268;23;5269;35;;;5265.5;-4.58544921875
39;9400;VELVETFRUIT_EXTRACT;5262;24;5261;47;;;5267;71;;;;;5264.5;-5.82958984375
39;9500;VELVETFRUIT_EXTRACT;5261;20;5260;47;;;5266;67;;;;;5263.5;-6.818359375
39;9600;VELVETFRUIT_EXTRACT;5260;66;;;;;5265;20;5266;46;;;5262.5;-7.23876953125
39;9700;VELVETFRUIT_EXTRACT;5260;23;5259;43;;;5265;23;5266;43;;;5262.5;-7.55810546875
39;9800;VELVETFRUIT_EXTRACT;5260;16;5259;31;;;5265;16;5266;31;;;5262.5;-7.58935546875
39;9900;VELVETFRUIT_EXTRACT;5261;5;5259;60;;;5265;60;;;;;5263.0;-8.0185546875
39;10000;VELVETFRUIT_EXTRACT;5260;48;;;;;5265;18;5266;30;;;5262.5;-7.18212890625
39;10100;VELVETFRUIT_EXTRACT;5260;56;;;;;5266;56;;;;;5263.0;-7.0673828125
39;10200;VELVETFRUIT_EXTRACT;5259;67;;;;;5265;67;;;;;5262.0;-7.9609375
39;10300;VELVETFRUIT_EXTRACT;5258;47;;;;;5263;15;5264;32;;;5260.5;-9.259765625
39;10400;VELVETFRUIT_EXTRACT;5259;73;;;;;5265;73;;;;;5262.0;-8.0390625
39;10500;VELVETFRUIT_EXTRACT;5259;19;5258;40;;;5264;59;;;;;5261.5;-8.70068359375
39;10600;VELVETFRUIT_EXTRACT;5258;59;;;;;5264;59;;;;;5261.0;-8.994140625
39;10700;VELVETFRUIT_EXTRACT;5260;22;5259;36;;;5265;22;5266;36;;;5262.5;-7.56982421875
39;10800;VELVETFRUIT_EXTRACT;5258;70;;;;;5264;70;;;;;5261.0;-9.021484375
39;10900;VELVETFRUIT_EXTRACT;5259;18;5258;47;;;5264;18;5265;47;;;5261.5;-8.5458984375
39;11000;VELVETFRUIT_EXTRACT;5260;62;;;;;5265;16;5266;46;;;5262.5;-7.3125
39;11100;VELVETFRUIT_EXTRACT;5261;52;;;;;5267;52;;;;;5264.0;-6.099609375
39;11200;VELVETFRUIT_EXTRACT;5262;71;;;;;5267;24;5268;47;;;5264.5;-5.35205078125
39;11300;VELVETFRUIT_EXTRACT;5263;18;5262;31;;;5268;49;;;;;5265.5;-4.88671875
39;11400;VELVETFRUIT_EXTRACT;5264;58;;;;;5269;18;5270;40;;;5266.5;-3.146484375
39;11500;VELVETFRUIT_EXTRACT;5265;25;5264;32;;;5270;57;;;;;5267.5;-2.73681640625
39;11600;VELVETFRUIT_EXTRACT;5264;23;5263;34;;;5269;23;5270;34;;;5266.5;-3.5537109375
39;11700;VELVETFRUIT_EXTRACT;5264;50;;;;;5269;17;5270;33;;;5266.5;-3.1103515625
39;11800;VELVETFRUIT_EXTRACT;5263;49;;;;;5268;17;5269;32;;;5265.5;-4.16650390625
39;11900;VELVETFRUIT_EXTRACT;5265;20;5264;37;;;5270;20;5271;37;;;5267.5;-2.52734375
39;12000;VELVETFRUIT_EXTRACT;5266;25;5265;36;;;5271;25;5272;36;;;5268.5;-1.44189453125
39;12100;VELVETFRUIT_EXTRACT;5266;72;;;;;5268;5;5271;24;5272;48;5267.0;-1.33544921875
39;12200;VELVETFRUIT_EXTRACT;5266;22;5265;39;;;5271;22;5272;39;;;5268.5;-1.6162109375
39;12300;VELVETFRUIT_EXTRACT;5266;23;5265;45;;;5271;23;5272;45;;;5268.5;-1.58642578125
39;12400;VELVETFRUIT_EXTRACT;5264;65;;;;;5269;25;5270;40;;;5266.5;-3.17138671875
39;12500;VELVETFRUIT_EXTRACT;5265;16;5264;35;;;5270;51;;;;;5267.5;-2.8388671875
39;12600;VELVETFRUIT_EXTRACT;5264;58;;;;;5269;18;5270;40;;;5266.5;-3.18603515625
39;12700;VELVETFRUIT_EXTRACT;5264;20;5263;37;;;5266;7;5269;20;5270;37;5265.0;-3.53125
39;12800;VELVETFRUIT_EXTRACT;5263;69;;;;;5268;19;5269;50;;;5265.5;-4.31640625
39;12900;VELVETFRUIT_EXTRACT;5264;20;5263;39;;;5269;59;;;;;5266.5;-3.75244140625
39;13000;VELVETFRUIT_EXTRACT;5263;20;5262;44;;;5268;20;5269;44;;;5265.5;-4.56396484375
39;13100;VELVETFRUIT_EXTRACT;5263;50;;;;;5269;50;;;;;5266.0;-4.095703125
39;13200;VELVETFRUIT_EXTRACT;5265;20;5264;49;;;5270;69;;;;;5267.5;-2.84912109375
39;13300;VELVETFRUIT_EXTRACT;5265;74;;;;;5270;25;5271;49;;;5267.5;-2.26123046875
39;13400;VELVETFRUIT_EXTRACT;5264;64;;;;;5270;64;;;;;5267.0;-3.0859375
39;13500;VELVETFRUIT_EXTRACT;5262;71;;;;;5268;71;;;;;5265.0;-4.962890625
39;13600;VELVETFRUIT_EXTRACT;5263;22;5262;50;;;5268;22;5269;50;;;5265.5;-4.49267578125
39;13700;VELVETFRUIT_EXTRACT;5263;22;5262;32;;;5268;54;;;;;5265.5;-4.8330078125
39;13800;VELVETFRUIT_EXTRACT;5263;65;;;;;5268;17;5269;48;;;5265.5;-4.25341796875
39;13900;VELVETFRUIT_EXTRACT;5264;15;5263;35;;;5269;15;5270;35;;;5266.5;-3.40380859375
39;14000;VELVETFRUIT_EXTRACT;5264;21;5263;44;;;5269;65;;;;;5266.5;-3.79248046875
39;14100;VELVETFRUIT_EXTRACT;5264;60;;;;;5269;15;5270;45;;;5266.5;-3.36474609375
39;14200;VELVETFRUIT_EXTRACT;5264;23;5263;34;;;5269;23;5270;34;;;5266.5;-3.62255859375
39;14300;VELVETFRUIT_EXTRACT;5265;18;5264;40;;;5270;18;5271;40;;;5267.5;-2.58203125
39;14400;VELVETFRUIT_EXTRACT;5264;22;5263;42;;;5269;22;5270;42;;;5266.5;-3.48046875
39;14500;VELVETFRUIT_EXTRACT;5263;19;5262;43;;;5268;19;5269;43;;;5265.5;-4.5
39;14600;VELVETFRUIT_EXTRACT;5261;58;;;;;5267;58;;;;;5264.0;-6.0634765625
39;14700;VELVETFRUIT_EXTRACT;5264;16;5263;43;;;5269;59;;;;;5266.5;-3.7431640625
39;14800;VELVETFRUIT_EXTRACT;5264;50;;;;;5270;50;;;;;5267.0;-3.052734375
39;14900;VELVETFRUIT_EXTRACT;5266;8;5264;18;5263;33;5269;18;5270;33;;;5267.5;-3.5654296875
39;15000;VELVETFRUIT_EXTRACT;5264;18;5263;39;;;5269;18;5270;39;;;5266.5;-3.59423828125
39;15100;VELVETFRUIT_EXTRACT;5266;16;5265;40;;;5271;56;;;;;5268.5;-1.87158203125
39;15200;VELVETFRUIT_EXTRACT;5266;23;5265;32;;;5271;23;5272;32;;;5268.5;-1.49853515625
39;15300;VELVETFRUIT_EXTRACT;5266;68;;;;;5272;68;;;;;5269.0;-1.02978515625
39;15400;VELVETFRUIT_EXTRACT;5266;24;5265;39;;;5271;63;;;;;5268.5;-1.74267578125
39;15500;VELVETFRUIT_EXTRACT;5266;16;5265;44;;;5271;60;;;;;5268.5;-1.88720703125
39;15600;VELVETFRUIT_EXTRACT;5268;22;5267;34;;;5273;22;5274;34;;;5270.5;0.36865234375
39;15700;VELVETFRUIT_EXTRACT;5267;67;;;;;5273;67;;;;;5270.0;-0.08349609375
39;15800;VELVETFRUIT_EXTRACT;5267;49;;;;;5272;16;5273;33;;;5269.5;-0.3369140625
39;15900;VELVETFRUIT_EXTRACT;5268;63;;;;;5273;23;5274;40;;;5270.5;0.6630859375
39;16000;VELVETFRUIT_EXTRACT;5271;9;5268;54;;;5273;17;5274;37;;;5272.0;0.810546875
39;16100;VELVETFRUIT_EXTRACT;5269;25;5268;47;;;5274;72;;;;;5271.5;1.34619140625
39;16200;VELVETFRUIT_EXTRACT;5268;65;;;;;5274;65;;;;;5271.0;1.06005859375
39;16300;VELVETFRUIT_EXTRACT;5270;16;5269;39;;;5275;55;;;;;5272.5;2.11083984375
39;16400;VELVETFRUIT_EXTRACT;5270;62;;;;;5276;62;;;;;5273.0;3.02734375
39;16500;VELVETFRUIT_EXTRACT;5272;8;5270;19;5269;48;5275;67;;;;;5273.5;2.240234375
39;16600;VELVETFRUIT_EXTRACT;5271;25;5270;43;;;5276;68;;;;;5273.5;3.14453125
39;16700;VELVETFRUIT_EXTRACT;5270;67;;;;;5276;67;;;;;5273.0;3.0361328125
39;16800;VELVETFRUIT_EXTRACT;5270;63;;;;;5276;63;;;;;5273.0;3.07177734375
39;16900;VELVETFRUIT_EXTRACT;5271;17;5270;49;;;5276;17;5277;49;;;5273.5;3.45263671875
39;17000;VELVETFRUIT_EXTRACT;5271;15;5270;47;;;5276;15;5277;47;;;5273.5;3.59765625
39;17100;VELVETFRUIT_EXTRACT;5271;17;5270;46;;;5276;17;5277;46;;;5273.5;3.537109375
39;17200;VELVETFRUIT_EXTRACT;5272;64;;;;;5277;19;5278;45;;;5274.5;4.705078125
39;17300;VELVETFRUIT_EXTRACT;5273;22;5272;30;;;5278;22;5279;30;;;5275.5;5.3984375
39;17400;VELVETFRUIT_EXTRACT;5274;17;5273;49;;;5279;66;;;;;5276.5;6.36181640625
39;17500;VELVETFRUIT_EXTRACT;5274;19;5273;40;;;5279;59;;;;;5276.5;6.21875
39;17600;VELVETFRUIT_EXTRACT;5273;22;5272;43;;;5278;65;;;;;5275.5;5.2548828125
39;17700;VELVETFRUIT_EXTRACT;5271;16;5270;43;;;5276;16;5277;43;;;5273.5;3.587890625
39;17800;VELVETFRUIT_EXTRACT;5271;24;5270;35;;;5276;59;;;;;5273.5;3.34814453125
39;17900;VELVETFRUIT_EXTRACT;5271;20;5270;45;;;5276;20;5277;45;;;5273.5;3.54833984375
39;18000;VELVETFRUIT_EXTRACT;5273;21;5272;44;;;5278;65;;;;;5275.5;5.21630859375
39;18100;VELVETFRUIT_EXTRACT;5272;25;5271;41;;;5277;25;5278;41;;;5274.5;4.60986328125
39;18200;VELVETFRUIT_EXTRACT;5272;49;;;;;5277;15;5278;34;;;5274.5;4.77490234375
39;18300;VELVETFRUIT_EXTRACT;5272;64;;;;;5277;17;5278;47;;;5274.5;4.7529296875
39;18400;VELVETFRUIT_EXTRACT;5271;25;5270;47;;;5276;72;;;;;5273.5;3.2578125
39;18500;VELVETFRUIT_EXTRACT;5271;61;;;;;5276;20;5277;41;;;5273.5;3.6865234375
39;18600;VELVETFRUIT_EXTRACT;5269;25;5268;30;;;5274;55;;;;;5271.5;1.31884765625
39;18700;VELVETFRUIT_EXTRACT;5269;21;5268;32;;;5274;53;;;;;5271.5;1.2080078125
39;18800;VELVETFRUIT_EXTRACT;5268;21;5267;38;;;5273;59;;;;;5270.5;0.333984375
39;18900;VELVETFRUIT_EXTRACT;5271;10;5268;71;;;5274;71;;;;;5272.5;1.064453125
39;19000;VELVETFRUIT_EXTRACT;5267;48;;;;;5272;18;5273;30;;;5269.5;-0.19873046875
39;19100;VELVETFRUIT_EXTRACT;5267;21;5266;32;;;5272;53;;;;;5269.5;-0.85546875
39;19200;VELVETFRUIT_EXTRACT;5267;16;5266;39;;;5272;16;5273;39;;;5269.5;-0.4833984375
39;19300;VELVETFRUIT_EXTRACT;5267;53;;;;;5272;23;5273;30;;;5269.5;-0.12451171875
39;19400;VELVETFRUIT_EXTRACT;5267;22;5266;46;;;5272;68;;;;;5269.5;-0.80908203125
39;19500;VELVETFRUIT_EXTRACT;5266;52;;;;;5271;19;5272;33;;;5268.5;-1.21630859375
39;19600;VELVETFRUIT_EXTRACT;5266;65;;;;;5272;65;;;;;5269.0;-1.01611328125
39;19700;VELVETFRUIT_EXTRACT;5265;22;5264;33;;;5266;13;5270;22;5271;33;5265.5;-2.625
39;19800;VELVETFRUIT_EXTRACT;5264;63;;;;;5269;16;5270;47;;;5266.5;-3.28955078125
39;19900;VELVETFRUIT_EXTRACT;5266;65;;;;;5271;15;5272;50;;;5268.5;-1.1611328125
39;20000;VELVETFRUIT_EXTRACT;5267;24;5266;43;;;5272;24;5273;43;;;5269.5;-0.3671875
39;20100;VELVETFRUIT_EXTRACT;5266;15;5265;46;;;5271;15;5272;46;;;5268.5;-1.458984375
39;20200;VELVETFRUIT_EXTRACT;5269;9;5267;15;5266;47;5272;62;;;;;5270.5;-0.7841796875
39;20300;VELVETFRUIT_EXTRACT;5266;22;5265;45;;;5271;22;5272;45;;;5268.5;-1.58544921875
39;20400;VELVETFRUIT_EXTRACT;5267;17;5266;32;;;5272;49;;;;;5269.5;-0.75048828125
39;20500;VELVETFRUIT_EXTRACT;5266;22;5265;47;;;5271;22;5272;47;;;5268.5;-1.59619140625
39;20600;VELVETFRUIT_EXTRACT;5265;16;5264;50;;;5270;16;5271;50;;;5267.5;-2.4169921875
39;20700;VELVETFRUIT_EXTRACT;5266;15;5265;47;;;5271;62;;;;;5268.5;-1.685546875
39;20800;VELVETFRUIT_EXTRACT;5267;25;5266;49;;;5272;25;5273;49;;;5269.5;-0.5126953125
39;20900;VELVETFRUIT_EXTRACT;5268;22;5267;50;;;5273;22;5274;50;;;5270.5;0.48828125
39;21000;VELVETFRUIT_EXTRACT;5268;17;5267;45;;;5273;17;5274;45;;;5270.5;0.623046875
39;21100;VELVETFRUIT_EXTRACT;5266;56;;;;;5272;56;;;;;5269.0;-1.060546875
39;21200;VELVETFRUIT_EXTRACT;5267;23;5266;31;;;5272;23;5273;31;;;5269.5;-0.59375
39;21300;VELVETFRUIT_EXTRACT;5268;47;;;;;5274;47;;;;;5271.0;0.9326171875
39;21400;VELVETFRUIT_EXTRACT;5268;70;;;;;5274;70;;;;;5271.0;1.07373046875
39;21500;VELVETFRUIT_EXTRACT;5269;20;5268;48;;;5274;20;5275;48;;;5271.5;1.3916015625
39;21600;VELVETFRUIT_EXTRACT;5269;58;;;;;5271;8;5274;22;5275;36;5270.0;1.8095703125
39;21700;VELVETFRUIT_EXTRACT;5269;64;;;;;5274;23;5275;41;;;5271.5;1.755859375
39;21800;VELVETFRUIT_EXTRACT;5270;55;;;;;5272;8;5275;24;5276;31;5271.0;2.64990234375
39;21900;VELVETFRUIT_EXTRACT;5270;15;5269;31;;;5275;15;5276;31;;;5272.5;2.63134765625
39;22000;VELVETFRUIT_EXTRACT;5269;17;5268;44;;;5274;17;5275;44;;;5271.5;1.60400390625
39;22100;VELVETFRUIT_EXTRACT;5268;64;;;;;5273;21;5274;43;;;5270.5;0.71728515625
39;22200;VELVETFRUIT_EXTRACT;5268;16;5267;38;;;5273;54;;;;;5270.5;0.21533203125
39;22300;VELVETFRUIT_EXTRACT;5270;11;5267;60;;;5273;60;;;;;5271.5;0.06396484375
39;22400;VELVETFRUIT_EXTRACT;5267;70;;;;;5272;25;5273;45;;;5269.5;-0.36376953125
39;22500;VELVETFRUIT_EXTRACT;5267;25;5266;32;;;5272;25;5273;32;;;5269.5;-0.51025390625
39;22600;VELVETFRUIT_EXTRACT;5267;17;5266;35;;;5272;17;5273;35;;;5269.5;-0.62060546875
39;22700;VELVETFRUIT_EXTRACT;5266;19;5265;31;;;5271;19;5272;31;;;5268.5;-1.51220703125
39;22800;VELVETFRUIT_EXTRACT;5265;53;;;;;5271;53;;;;;5268.0;-2.06884765625
39;22900;VELVETFRUIT_EXTRACT;5265;71;;;;;5271;71;;;;;5268.0;-1.9326171875
39;23000;VELVETFRUIT_EXTRACT;5265;20;5264;31;;;5270;51;;;;;5267.5;-2.87353515625
39;23100;VELVETFRUIT_EXTRACT;5264;58;;;;;5270;58;;;;;5267.0;-2.955078125
39;23200;VELVETFRUIT_EXTRACT;5264;22;5263;44;;;5269;22;5270;44;;;5266.5;-3.57861328125
39;23300;VELVETFRUIT_EXTRACT;5262;58;;;;;5267;23;5268;35;;;5264.5;-5.267578125
39;23400;VELVETFRUIT_EXTRACT;5261;23;5260;35;;;5266;58;;;;;5263.5;-6.74658203125
39;23500;VELVETFRUIT_EXTRACT;5261;53;;;;;5267;53;;;;;5264.0;-6.0478515625
39;23600;VELVETFRUIT_EXTRACT;5260;49;;;;;5265;18;5266;31;;;5262.5;-7.29296875
39;23700;VELVETFRUIT_EXTRACT;5261;61;;;;;5267;61;;;;;5264.0;-6.05712890625
39;23800;VELVETFRUIT_EXTRACT;5261;61;;;;;5266;18;5267;43;;;5263.5;-6.24365234375
39;23900;VELVETFRUIT_EXTRACT;5262;63;;;;;5268;63;;;;;5265.0;-4.89990234375
39;24000;VELVETFRUIT_EXTRACT;5263;19;5262;37;;;5268;56;;;;;5265.5;-4.81201171875
39;24100;VELVETFRUIT_EXTRACT;5262;22;5261;48;;;5267;22;5268;48;;;5264.5;-5.375
39;24200;VELVETFRUIT_EXTRACT;5263;20;5262;33;;;5268;53;;;;;5265.5;-4.7431640625
39;24300;VELVETFRUIT_EXTRACT;5265;6;5262;60;;;5268;60;;;;;5266.5;-4.9501953125
39;24400;VELVETFRUIT_EXTRACT;5264;22;5263;39;;;5269;61;;;;;5266.5;-3.87158203125
39;24500;VELVETFRUIT_EXTRACT;5264;15;5263;32;;;5269;47;;;;;5266.5;-3.75244140625
39;24600;VELVETFRUIT_EXTRACT;5263;17;5262;48;;;5265;5;5268;65;;;5264.0;-4.85107421875
39;24700;VELVETFRUIT_EXTRACT;5263;64;;;;;5269;64;;;;;5266.0;-4.04345703125
39;24800;VELVETFRUIT_EXTRACT;5263;55;;;;;5269;55;;;;;5266.0;-3.91943359375
39;24900;VELVETFRUIT_EXTRACT;5265;5;5263;56;;;5269;56;;;;;5267.0;-4.07763671875
39;25000;VELVETFRUIT_EXTRACT;5263;15;5262;39;;;5268;15;5269;39;;;5265.5;-4.6259765625
39;25100;VELVETFRUIT_EXTRACT;5263;67;;;;;5269;67;;;;;5266.0;-3.9287109375
39;25200;VELVETFRUIT_EXTRACT;5264;52;;;;;5270;52;;;;;5267.0;-2.90771484375
39;25300;VELVETFRUIT_EXTRACT;5263;25;5262;34;;;5268;25;5269;34;;;5265.5;-4.50830078125
39;25400;VELVETFRUIT_EXTRACT;5264;25;5263;31;;;5269;56;;;;;5266.5;-3.65234375
39;25500;VELVETFRUIT_EXTRACT;5264;24;5263;44;;;5269;68;;;;;5266.5;-3.71923828125
39;25600;VELVETFRUIT_EXTRACT;5264;68;;;;;5269;22;5270;46;;;5266.5;-3.228515625
39;25700;VELVETFRUIT_EXTRACT;5264;22;5263;43;;;5269;65;;;;;5266.5;-3.84033203125
39;25800;VELVETFRUIT_EXTRACT;5263;58;;;;;5269;58;;;;;5266.0;-4.05908203125
39;25900;VELVETFRUIT_EXTRACT;5264;67;;;;;5269;17;5270;50;;;5266.5;-3.24560546875
39;26000;VELVETFRUIT_EXTRACT;5265;74;;;;;5270;25;5271;49;;;5267.5;-2.208984375
39;26100;VELVETFRUIT_EXTRACT;5265;21;5264;30;;;5270;21;5271;30;;;5267.5;-2.5859375
39;26200;VELVETFRUIT_EXTRACT;5263;68;;;;;5268;19;5269;49;;;5265.5;-4.2392578125
39;26300;VELVETFRUIT_EXTRACT;5263;68;;;;;5268;18;5269;50;;;5265.5;-4.29736328125
39;26400;VELVETFRUIT_EXTRACT;5264;15;5263;41;;;5269;56;;;;;5266.5;-3.65771484375
39;26500;VELVETFRUIT_EXTRACT;5264;21;5263;32;;;5269;21;5270;32;;;5266.5;-3.62744140625
39;26600;VELVETFRUIT_EXTRACT;5264;15;5263;32;;;5269;15;5270;32;;;5266.5;-3.55615234375
39;26700;VELVETFRUIT_EXTRACT;5265;23;5264;38;;;5270;61;;;;;5267.5;-2.66015625
39;26800;VELVETFRUIT_EXTRACT;5265;15;5264;43;;;5270;58;;;;;5267.5;-2.6357421875
39;26900;VELVETFRUIT_EXTRACT;5265;54;;;;;5271;54;;;;;5268.0;-2.07177734375
39;27000;VELVETFRUIT_EXTRACT;5264;25;5263;36;;;5269;61;;;;;5266.5;-3.755859375
39;27100;VELVETFRUIT_EXTRACT;5263;57;;;;;5269;57;;;;;5266.0;-4.03076171875
39;27200;VELVETFRUIT_EXTRACT;5262;53;;;;;5267;15;5268;38;;;5264.5;-5.31689453125
39;27300;VELVETFRUIT_EXTRACT;5263;19;5262;50;;;5268;69;;;;;5265.5;-4.736328125
39;27400;VELVETFRUIT_EXTRACT;5261;64;;;;;5267;64;;;;;5264.0;-6.02490234375
39;27500;VELVETFRUIT_EXTRACT;5262;63;;;;;5268;63;;;;;5265.0;-5.07080078125
39;27600;VELVETFRUIT_EXTRACT;5263;59;;;;;5268;25;5269;34;;;5265.5;-4.31494140625
39;27700;VELVETFRUIT_EXTRACT;5263;59;;;;;5268;25;5269;34;;;5265.5;-4.30419921875
39;27800;VELVETFRUIT_EXTRACT;5262;17;5261;35;;;5267;17;5268;35;;;5264.5;-5.576171875
39;27900;VELVETFRUIT_EXTRACT;5261;55;;;;;5266;18;5267;37;;;5263.5;-6.2353515625
39;28000;VELVETFRUIT_EXTRACT;5260;23;5259;37;;;5265;23;5266;37;;;5262.5;-7.412109375
39;28100;VELVETFRUIT_EXTRACT;5263;20;5262;31;;;5268;20;5269;31;;;5265.5;-4.47216796875
39;28200;VELVETFRUIT_EXTRACT;5264;58;;;;;5269;22;5270;36;;;5266.5;-3.28515625
39;28300;VELVETFRUIT_EXTRACT;5264;25;5263;37;;;5269;25;5270;37;;;5266.5;-3.421875
39;28400;VELVETFRUIT_EXTRACT;5264;52;;;;;5269;16;5270;36;;;5266.5;-3.2998046875
39;28500;VELVETFRUIT_EXTRACT;5264;70;;;;;5269;21;5270;49;;;5266.5;-3.3193359375
39;28600;VELVETFRUIT_EXTRACT;5264;51;;;;;5270;51;;;;;5267.0;-2.9580078125
39;28700;VELVETFRUIT_EXTRACT;5264;52;;;;;5269;19;5270;33;;;5266.5;-3.228515625
39;28800;VELVETFRUIT_EXTRACT;5263;53;;;;;5268;16;5269;37;;;5265.5;-4.16259765625
39;28900;VELVETFRUIT_EXTRACT;5263;57;;;;;5268;23;5269;34;;;5265.5;-4.205078125
39;29000;VELVETFRUIT_EXTRACT;5263;19;5262;39;;;5268;58;;;;;5265.5;-4.72314453125
39;29100;VELVETFRUIT_EXTRACT;5264;25;5263;30;;;5269;55;;;;;5266.5;-3.8916015625
39;29200;VELVETFRUIT_EXTRACT;5264;24;5263;45;;;5269;24;5270;45;;;5266.5;-3.37841796875
39;29300;VELVETFRUIT_EXTRACT;5263;63;;;;;5269;63;;;;;5266.0;-4.048828125
39;29400;VELVETFRUIT_EXTRACT;5264;21;5263;37;;;5269;58;;;;;5266.5;-3.71826171875
39;29500;VELVETFRUIT_EXTRACT;5264;15;5263;45;;;5269;15;5270;45;;;5266.5;-3.5966796875
39;29600;VELVETFRUIT_EXTRACT;5262;56;;;;;5268;56;;;;;5265.0;-5.0126953125
39;29700;VELVETFRUIT_EXTRACT;5262;61;;;;;5267;19;5268;42;;;5264.5;-5.1240234375
39;29800;VELVETFRUIT_EXTRACT;5262;67;;;;;5267;25;5268;42;;;5264.5;-5.16357421875
39;29900;VELVETFRUIT_EXTRACT;5263;20;5262;30;;;5268;50;;;;;5265.5;-4.7265625
39;30000;VELVETFRUIT_EXTRACT;5262;23;5261;33;;;5267;56;;;;;5264.5;-5.88720703125
39;30100;VELVETFRUIT_EXTRACT;5262;20;5261;47;;;5267;67;;;;;5264.5;-5.7783203125
39;30200;VELVETFRUIT_EXTRACT;5261;20;5260;31;;;5266;51;;;;;5263.5;-6.7255859375
39;30300;VELVETFRUIT_EXTRACT;5260;25;5259;30;;;5265;25;5266;30;;;5262.5;-7.5732421875
39;30400;VELVETFRUIT_EXTRACT;5259;70;;;;;5265;70;;;;;5262.0;-7.91748046875
39;30500;VELVETFRUIT_EXTRACT;5260;59;;;;;5265;18;5266;41;;;5262.5;-7.10888671875
39;30600;VELVETFRUIT_EXTRACT;5259;17;5258;49;;;5264;66;;;;;5261.5;-8.64599609375
39;30700;VELVETFRUIT_EXTRACT;5258;19;5257;33;;;5263;19;5264;33;;;5260.5;-9.4541015625
39;30800;VELVETFRUIT_EXTRACT;5257;21;5256;37;;;5262;58;;;;;5259.5;-10.77001953125
39;30900;VELVETFRUIT_EXTRACT;5258;22;5257;36;;;5263;22;5264;36;;;5260.5;-9.5849609375
39;31000;VELVETFRUIT_EXTRACT;5256;23;5255;50;;;5261;23;5262;50;;;5258.5;-11.4248046875
39;31100;VELVETFRUIT_EXTRACT;5256;53;;;;;5261;17;5262;36;;;5258.5;-11.20263671875
39;31200;VELVETFRUIT_EXTRACT;5256;25;5255;41;;;5258;7;5261;66;;;5257.0;-11.67041015625
39;31300;VELVETFRUIT_EXTRACT;5258;23;5257;43;;;5263;23;5264;43;;;5260.5;-9.57275390625
39;31400;VELVETFRUIT_EXTRACT;5258;60;;;;;5264;60;;;;;5261.0;-9.01171875
39;31500;VELVETFRUIT_EXTRACT;5259;15;5258;45;;;5264;60;;;;;5261.5;-8.81494140625
39;31600;VELVETFRUIT_EXTRACT;5259;21;5258;33;;;5264;21;5265;33;;;5261.5;-8.6103515625
39;31700;VELVETFRUIT_EXTRACT;5260;21;5259;39;;;5265;21;5266;39;;;5262.5;-7.50927734375
39;31800;VELVETFRUIT_EXTRACT;5260;21;5259;44;;;5265;21;5266;44;;;5262.5;-7.5595703125
39;31900;VELVETFRUIT_EXTRACT;5261;18;5260;46;;;5266;18;5267;46;;;5263.5;-6.4140625
39;32000;VELVETFRUIT_EXTRACT;5262;22;5261;46;;;5267;22;5268;46;;;5264.5;-5.615234375
39;32100;VELVETFRUIT_EXTRACT;5262;67;;;;;5268;67;;;;;5265.0;-4.99755859375
39;32200;VELVETFRUIT_EXTRACT;5262;56;;;;;5268;56;;;;;5265.0;-4.923828125
39;32300;VELVETFRUIT_EXTRACT;5264;15;5263;34;;;5269;49;;;;;5266.5;-3.7099609375
39;32400;VELVETFRUIT_EXTRACT;5264;22;5263;38;;;5269;60;;;;;5266.5;-3.828125
39;32500;VELVETFRUIT_EXTRACT;5264;19;5263;34;;;5266;5;5269;19;5270;34;5265.0;-3.42578125
39;32600;VELVETFRUIT_EXTRACT;5264;19;5263;49;;;5269;19;5270;49;;;5266.5;-3.6044921875
39;32700;VELVETFRUIT_EXTRACT;5264;25;5263;41;;;5269;66;;;;;5266.5;-3.7080078125
39;32800;VELVETFRUIT_EXTRACT;5264;60;;;;;5269;24;5270;36;;;5266.5;-3.17138671875
39;32900;VELVETFRUIT_EXTRACT;5264;53;;;;;5269;16;5270;37;;;5266.5;-3.3505859375
39;33000;VELVETFRUIT_EXTRACT;5266;21;5265;37;;;5271;21;5272;37;;;5268.5;-1.43310546875
39;33100;VELVETFRUIT_EXTRACT;5267;25;5266;31;;;5269;8;5272;56;;;5268.0;-0.83251953125
39;33200;VELVETFRUIT_EXTRACT;5265;17;5264;38;;;5270;55;;;;;5267.5;-2.65966796875
39;33300;VELVETFRUIT_EXTRACT;5266;20;5265;47;;;5271;67;;;;;5268.5;-1.8125
39;33400;VELVETFRUIT_EXTRACT;5266;66;;;;;5269;8;5272;66;;;5267.5;-0.953125
39;33500;VELVETFRUIT_EXTRACT;5266;18;5265;36;;;5271;18;5272;36;;;5268.5;-1.5498046875
39;33600;VELVETFRUIT_EXTRACT;5266;22;5265;49;;;5271;71;;;;;5268.5;-1.66162109375
39;33700;VELVETFRUIT_EXTRACT;5266;19;5265;30;;;5271;19;5272;30;;;5268.5;-1.43798828125
39;33800;VELVETFRUIT_EXTRACT;5266;68;;;;;5272;68;;;;;5269.0;-0.97802734375
39;33900;VELVETFRUIT_EXTRACT;5268;15;5267;34;;;5273;49;;;;;5270.5;0.1904296875
39;34000;VELVETFRUIT_EXTRACT;5268;20;5267;32;;;5273;52;;;;;5270.5;0.2158203125
39;34100;VELVETFRUIT_EXTRACT;5269;59;;;;;5274;25;5275;34;;;5271.5;1.7646484375
39;34200;VELVETFRUIT_EXTRACT;5270;58;;;;;5275;16;5276;42;;;5272.5;2.75244140625
39;34300;VELVETFRUIT_EXTRACT;5270;23;5269;37;;;5275;23;5276;37;;;5272.5;2.4970703125
39;34400;VELVETFRUIT_EXTRACT;5269;62;;;;;5275;62;;;;;5272.0;1.9560546875
39;34500;VELVETFRUIT_EXTRACT;5269;19;5268;38;;;5274;57;;;;;5271.5;1.306640625
39;34600;VELVETFRUIT_EXTRACT;5268;20;5267;32;;;5273;20;5274;32;;;5270.5;0.6298828125
39;34700;VELVETFRUIT_EXTRACT;5268;16;5267;32;;;5273;48;;;;;5270.5;0.19921875
39;34800;VELVETFRUIT_EXTRACT;5266;64;;;;;5271;18;5272;46;;;5268.5;-1.326171875
39;34900;VELVETFRUIT_EXTRACT;5266;19;5265;49;;;5271;68;;;;;5268.5;-1.697265625
39;35000;VELVETFRUIT_EXTRACT;5264;20;5263;45;;;5269;65;;;;;5266.5;-3.75732421875
39;35100;VELVETFRUIT_EXTRACT;5264;65;;;;;5270;65;;;;;5267.0;-2.9345703125
39;35200;VELVETFRUIT_EXTRACT;5264;48;;;;;5269;15;5270;33;;;5266.5;-3.2783203125
39;35300;VELVETFRUIT_EXTRACT;5265;25;5264;43;;;5270;25;5271;43;;;5267.5;-2.38134765625
39;35400;VELVETFRUIT_EXTRACT;5266;52;;;;;5272;52;;;;;5269.0;-0.9921875
39;35500;VELVETFRUIT_EXTRACT;5266;68;;;;;5272;68;;;;;5269.0;-1.0693359375
39;35600;VELVETFRUIT_EXTRACT;5268;9;5266;51;;;5272;51;;;;;5270.0;-1.015625
39;35700;VELVETFRUIT_EXTRACT;5265;20;5264;44;;;5270;20;5271;44;;;5267.5;-2.44677734375
39;35800;VELVETFRUIT_EXTRACT;5264;19;5263;45;;;5269;64;;;;;5266.5;-3.720703125
39;35900;VELVETFRUIT_EXTRACT;5266;10;5264;52;;;5270;52;;;;;5268.0;-3.09228515625
39;36000;VELVETFRUIT_EXTRACT;5264;59;;;;;5267;8;5270;59;;;5265.5;-2.91650390625
39;36100;VELVETFRUIT_EXTRACT;5266;22;5265;46;;;5271;68;;;;;5268.5;-1.8916015625
39;36200;VELVETFRUIT_EXTRACT;5266;17;5265;49;;;5271;66;;;;;5268.5;-1.83642578125
39;36300;VELVETFRUIT_EXTRACT;5264;16;5263;40;;;5269;16;5270;40;;;5266.5;-3.4404296875
39;36400;VELVETFRUIT_EXTRACT;5266;24;5265;44;;;5271;68;;;;;5268.5;-1.8486328125
39;36500;VELVETFRUIT_EXTRACT;5266;17;5265;37;;;5271;54;;;;;5268.5;-1.751953125
39;36600;VELVETFRUIT_EXTRACT;5266;19;5265;30;;;5271;19;5272;30;;;5268.5;-1.44970703125
39;36700;VELVETFRUIT_EXTRACT;5265;20;5264;43;;;5270;20;5271;43;;;5267.5;-2.56640625
39;36800;VELVETFRUIT_EXTRACT;5263;15;5262;35;;;5268;15;5269;35;;;5265.5;-4.5966796875
39;36900;VELVETFRUIT_EXTRACT;5263;17;5262;44;;;5268;61;;;;;5265.5;-4.6435546875
39;37000;VELVETFRUIT_EXTRACT;5262;22;5261;33;;;5267;22;5268;33;;;5264.5;-5.41357421875
39;37100;VELVETFRUIT_EXTRACT;5264;75;;;;;5269;25;5270;50;;;5266.5;-3.2431640625
39;37200;VELVETFRUIT_EXTRACT;5266;70;;;;;5271;24;5272;46;;;5268.5;-1.240234375
39;37300;VELVETFRUIT_EXTRACT;5265;23;5264;40;;;5270;63;;;;;5267.5;-2.85302734375
39;37400;VELVETFRUIT_EXTRACT;5263;59;;;;;5268;20;5269;39;;;5265.5;-4.115234375
39;37500;VELVETFRUIT_EXTRACT;5264;24;5263;49;;;5269;73;;;;;5266.5;-3.8408203125
39;37600;VELVETFRUIT_EXTRACT;5263;22;5262;37;;;5268;59;;;;;5265.5;-4.6806640625
39;37700;VELVETFRUIT_EXTRACT;5268;8;5267;7;5265;63;5270;17;5271;46;;;5269.0;-2.31494140625
39;37800;VELVETFRUIT_EXTRACT;5264;71;;;;;5269;23;5270;48;;;5266.5;-3.140625
39;37900;VELVETFRUIT_EXTRACT;5264;25;5263;50;;;5266;9;5269;25;5270;50;5265.0;-3.3671875
39;38000;VELVETFRUIT_EXTRACT;5264;64;;;;;5269;23;5270;41;;;5266.5;-3.15087890625
39;38100;VELVETFRUIT_EXTRACT;5264;60;;;;;5269;23;5270;37;;;5266.5;-3.2080078125
39;38200;VELVETFRUIT_EXTRACT;5264;56;;;;;5269;15;5270;41;;;5266.5;-3.2900390625
39;38300;VELVETFRUIT_EXTRACT;5265;21;5264;32;;;5270;21;5271;32;;;5267.5;-2.59375
39;38400;VELVETFRUIT_EXTRACT;5265;23;5264;32;;;5270;55;;;;;5267.5;-2.84619140625
39;38500;VELVETFRUIT_EXTRACT;5264;49;;;;;5270;49;;;;;5267.0;-2.90478515625
39;38600;VELVETFRUIT_EXTRACT;5264;73;;;;;5270;73;;;;;5267.0;-3.095703125
39;38700;VELVETFRUIT_EXTRACT;5265;16;5264;48;;;5270;16;5271;48;;;5267.5;-2.45458984375
39;38800;VELVETFRUIT_EXTRACT;5264;56;;;;;5270;56;;;;;5267.0;-3.01953125
39;38900;VELVETFRUIT_EXTRACT;5267;15;5264;63;;;5270;63;;;;;5268.5;-2.89892578125
39;39000;VELVETFRUIT_EXTRACT;5266;7;5264;66;;;5270;66;;;;;5268.0;-3.02587890625
39;39100;VELVETFRUIT_EXTRACT;5264;57;;;;;5270;57;;;;;5267.0;-3.0068359375
39;39200;VELVETFRUIT_EXTRACT;5263;23;5262;32;;;5268;23;5269;32;;;5265.5;-4.58544921875
39;39300;VELVETFRUIT_EXTRACT;5261;69;;;;;5267;69;;;;;5264.0;-5.91748046875
39;39400;VELVETFRUIT_EXTRACT;5262;56;;;;;5267;25;5268;31;;;5264.5;-5.13525390625
39;39500;VELVETFRUIT_EXTRACT;5262;24;5261;45;;;5267;69;;;;;5264.5;-5.8095703125
39;39600;VELVETFRUIT_EXTRACT;5261;54;;;;;5267;54;;;;;5264.0;-5.99755859375
39;39700;VELVETFRUIT_EXTRACT;5259;52;;;;;5264;16;5265;36;;;5261.5;-8.287109375
39;39800;VELVETFRUIT_EXTRACT;5258;57;;;;;5263;21;5264;36;;;5260.5;-9.119140625
39;39900;VELVETFRUIT_EXTRACT;5258;23;5257;38;;;5263;23;5264;38;;;5260.5;-9.52001953125
39;40000;VELVETFRUIT_EXTRACT;5259;19;5258;47;;;5264;66;;;;;5261.5;-8.65185546875
39;40100;VELVETFRUIT_EXTRACT;5258;17;5257;39;;;5263;56;;;;;5260.5;-9.6396484375
39;40200;VELVETFRUIT_EXTRACT;5257;19;5256;38;;;5262;19;5263;38;;;5259.5;-10.3935546875
39;40300;VELVETFRUIT_EXTRACT;5257;22;5256;47;;;5262;69;;;;;5259.5;-10.63671875
39;40400;VELVETFRUIT_EXTRACT;5256;61;;;;;5261;19;5262;42;;;5258.5;-11.3701171875
39;40500;VELVETFRUIT_EXTRACT;5255;62;;;;;5261;62;;;;;5258.0;-11.9921875
39;40600;VELVETFRUIT_EXTRACT;5254;62;;;;;5260;62;;;;;5257.0;-13.00927734375
39;40700;VELVETFRUIT_EXTRACT;5252;55;;;;;5257;18;5258;37;;;5254.5;-15.19384765625
39;40800;VELVETFRUIT_EXTRACT;5252;66;;;;;5258;66;;;;;5255.0;-15.033203125
39;40900;VELVETFRUIT_EXTRACT;5251;17;5250;50;;;5256;17;5257;50;;;5253.5;-16.5859375
39;41000;VELVETFRUIT_EXTRACT;5252;23;5251;42;;;5257;65;;;;;5254.5;-15.6806640625
39;41100;VELVETFRUIT_EXTRACT;5251;58;;;;;5256;18;5257;40;;;5253.5;-16.16357421875
39;41200;VELVETFRUIT_EXTRACT;5250;50;;;;;5255;16;5256;34;;;5252.5;-17.27734375
39;41300;VELVETFRUIT_EXTRACT;5251;25;5250;47;;;5256;72;;;;;5253.5;-16.8134765625
39;41400;VELVETFRUIT_EXTRACT;5250;54;;;;;5256;54;;;;;5253.0;-16.904296875
39;41500;VELVETFRUIT_EXTRACT;5249;24;5248;30;;;5254;24;5255;30;;;5251.5;-18.48876953125
39;41600;VELVETFRUIT_EXTRACT;5248;53;;;;;5254;53;;;;;5251.0;-19.0517578125
39;41700;VELVETFRUIT_EXTRACT;5249;23;5248;35;;;5254;58;;;;;5251.5;-18.73681640625
39;41800;VELVETFRUIT_EXTRACT;5249;57;;;;;5255;57;;;;;5252.0;-17.9267578125
39;41900;VELVETFRUIT_EXTRACT;5248;20;5247;50;;;5253;70;;;;;5250.5;-19.66015625
39;42000;VELVETFRUIT_EXTRACT;5247;23;5246;44;;;5252;23;5253;44;;;5249.5;-20.55224609375
39;42100;VELVETFRUIT_EXTRACT;5248;58;;;;;5254;58;;;;;5251.0;-18.90673828125
39;42200;VELVETFRUIT_EXTRACT;5250;55;;;;;5255;23;5256;32;;;5252.5;-17.29931640625
39;42300;VELVETFRUIT_EXTRACT;5252;15;5251;30;;;5257;45;;;;;5254.5;-15.79248046875
39;42400;VELVETFRUIT_EXTRACT;5251;25;5250;38;;;5256;25;5257;38;;;5253.5;-16.4130859375
39;42500;VELVETFRUIT_EXTRACT;5251;66;;;;;5256;25;5257;41;;;5253.5;-16.21630859375
39;42600;VELVETFRUIT_EXTRACT;5252;24;5251;42;;;5257;66;;;;;5254.5;-15.830078125
39;42700;VELVETFRUIT_EXTRACT;5250;63;;;;;5256;63;;;;;5253.0;-17.0517578125
39;42800;VELVETFRUIT_EXTRACT;5250;54;;;;;5255;21;5256;33;;;5252.5;-17.1162109375
39;42900;VELVETFRUIT_EXTRACT;5251;23;5250;31;;;5256;54;;;;;5253.5;-16.693359375
39;43000;VELVETFRUIT_EXTRACT;5250;58;;;;;5255;15;5256;43;;;5252.5;-17.12744140625
39;43100;VELVETFRUIT_EXTRACT;5250;70;;;;;5256;70;;;;;5253.0;-17.0703125
39;43200;VELVETFRUIT_EXTRACT;5250;57;;;;;5256;57;;;;;5253.0;-16.98828125
39;43300;VELVETFRUIT_EXTRACT;5250;64;;;;;5255;16;5256;48;;;5252.5;-17.2109375
39;43400;VELVETFRUIT_EXTRACT;5253;7;5251;71;;;5256;21;5257;50;;;5254.5;-16.1826171875
39;43500;VELVETFRUIT_EXTRACT;5249;64;;;;;5255;64;;;;;5252.0;-18.05859375
39;43600;VELVETFRUIT_EXTRACT;5250;17;5249;35;;;5255;17;5256;35;;;5252.5;-17.48779296875
39;43700;VELVETFRUIT_EXTRACT;5249;22;5248;39;;;5254;22;5255;39;;;5251.5;-18.443359375
39;43800;VELVETFRUIT_EXTRACT;5248;19;5247;37;;;5253;56;;;;;5250.5;-19.861328125
39;43900;VELVETFRUIT_EXTRACT;5248;53;;;;;5253;19;5254;34;;;5250.5;-19.18115234375
39;44000;VELVETFRUIT_EXTRACT;5249;25;5248;48;;;5254;25;5255;48;;;5251.5;-18.58984375
39;44100;VELVETFRUIT_EXTRACT;5250;51;;;;;5256;51;;;;;5253.0;-16.998046875
39;44200;VELVETFRUIT_EXTRACT;5251;65;;;;;5256;18;5257;47;;;5253.5;-16.10205078125
39;44300;VELVETFRUIT_EXTRACT;5252;24;5251;37;;;5257;61;;;;;5254.5;-15.8212890625
39;44400;VELVETFRUIT_EXTRACT;5252;62;;;;;5258;62;;;;;5255.0;-15.0810546875
39;44500;VELVETFRUIT_EXTRACT;5253;55;;;;;5258;24;5259;31;;;5255.5;-14.18994140625
39;44600;VELVETFRUIT_EXTRACT;5254;70;;;;;5260;70;;;;;5257.0;-13.04833984375
39;44700;VELVETFRUIT_EXTRACT;5255;22;5254;43;;;5260;22;5261;43;;;5257.5;-12.37255859375
39;44800;VELVETFRUIT_EXTRACT;5255;64;;;;;5261;64;;;;;5258.0;-11.91552734375
39;44900;VELVETFRUIT_EXTRACT;5256;23;5255;37;;;5257;14;5261;60;;;5256.5;-11.77392578125
39;45000;VELVETFRUIT_EXTRACT;5256;22;5255;48;;;5261;22;5262;48;;;5258.5;-11.55859375
39;45100;VELVETFRUIT_EXTRACT;5255;56;;;;;5261;56;;;;;5258.0;-11.9228515625
39;45200;VELVETFRUIT_EXTRACT;5255;18;5254;36;;;5260;54;;;;;5257.5;-12.6484375
39;45300;VELVETFRUIT_EXTRACT;5253;56;;;;;5258;20;5259;36;;;5255.5;-14.27392578125
39;45400;VELVETFRUIT_EXTRACT;5252;62;;;;;5258;62;;;;;5255.0;-14.96826171875
39;45500;VELVETFRUIT_EXTRACT;5254;22;5253;40;;;5259;62;;;;;5256.5;-13.810546875
39;45600;VELVETFRUIT_EXTRACT;5254;22;5253;36;;;5259;58;;;;;5256.5;-13.85107421875
39;45700;VELVETFRUIT_EXTRACT;5253;25;5252;40;;;5258;25;5259;40;;;5255.5;-14.5283203125
39;45800;VELVETFRUIT_EXTRACT;5253;17;5252;41;;;5258;58;;;;;5255.5;-14.82373046875
39;45900;VELVETFRUIT_EXTRACT;5253;16;5252;45;;;5258;16;5259;45;;;5255.5;-14.51220703125
39;46000;VELVETFRUIT_EXTRACT;5253;20;5252;31;;;5258;51;;;;;5255.5;-14.75
39;46100;VELVETFRUIT_EXTRACT;5252;63;;;;;5257;23;5258;40;;;5254.5;-15.2421875
39;46200;VELVETFRUIT_EXTRACT;5253;23;5252;42;;;5258;23;5259;42;;;5255.5;-14.38525390625
39;46300;VELVETFRUIT_EXTRACT;5254;59;;;;;5259;23;5260;36;;;5256.5;-13.2646484375
39;46400;VELVETFRUIT_EXTRACT;5255;16;5254;46;;;5260;16;5261;46;;;5257.5;-12.423828125
39;46500;VELVETFRUIT_EXTRACT;5257;8;5255;17;5254;38;5260;55;;;;;5258.5;-12.830078125
39;46600;VELVETFRUIT_EXTRACT;5255;64;;;;;5260;22;5261;42;;;5257.5;-12.28076171875
39;46700;VELVETFRUIT_EXTRACT;5255;51;;;;;5261;51;;;;;5258.0;-12.08544921875
39;46800;VELVETFRUIT_EXTRACT;5256;24;5255;45;;;5261;69;;;;;5258.5;-11.85302734375
39;46900;VELVETFRUIT_EXTRACT;5256;20;5255;48;;;5261;68;;;;;5258.5;-11.7236328125
39;47000;VELVETFRUIT_EXTRACT;5256;56;;;;;5261;19;5262;37;;;5258.5;-11.29345703125
39;47100;VELVETFRUIT_EXTRACT;5257;22;5256;34;;;5262;56;;;;;5259.5;-10.8837890625
39;47200;VELVETFRUIT_EXTRACT;5259;11;5257;18;5256;37;5262;55;;;;;5260.5;-10.71337890625
39;47300;VELVETFRUIT_EXTRACT;5255;60;;;;;5261;60;;;;;5258.0;-11.9833984375
39;47400;VELVETFRUIT_EXTRACT;5256;68;;;;;5261;24;5262;44;;;5258.5;-11.1416015625
39;47500;VELVETFRUIT_EXTRACT;5257;52;;;;;5262;17;5263;35;;;5259.5;-10.25927734375
39;47600;VELVETFRUIT_EXTRACT;5257;49;;;;;5263;49;;;;;5260.0;-10.0966796875
39;47700;VELVETFRUIT_EXTRACT;5256;58;;;;;5262;58;;;;;5259.0;-11.0791015625
39;47800;VELVETFRUIT_EXTRACT;5256;18;5255;36;;;5261;18;5262;36;;;5258.5;-11.54443359375
39;47900;VELVETFRUIT_EXTRACT;5256;65;;;;;5261;21;5262;44;;;5258.5;-11.3232421875
39;48000;VELVETFRUIT_EXTRACT;5257;18;5256;42;;;5262;18;5263;42;;;5259.5;-10.59228515625
39;48100;VELVETFRUIT_EXTRACT;5256;23;5255;32;;;5261;55;;;;;5258.5;-11.77099609375
39;48200;VELVETFRUIT_EXTRACT;5257;19;5256;33;;;5262;19;5263;33;;;5259.5;-10.38671875
39;48300;VELVETFRUIT_EXTRACT;5256;51;;;;;5262;51;;;;;5259.0;-11.037109375
39;48400;VELVETFRUIT_EXTRACT;5256;67;;;;;5258;5;5261;20;5262;47;5257.0;-11.3271484375
39;48500;VELVETFRUIT_EXTRACT;5257;16;5256;44;;;5262;60;;;;;5259.5;-10.73828125
39;48600;VELVETFRUIT_EXTRACT;5257;25;5256;50;;;5262;75;;;;;5259.5;-10.7275390625
39;48700;VELVETFRUIT_EXTRACT;5257;17;5256;42;;;5262;59;;;;;5259.5;-10.892578125
39;48800;VELVETFRUIT_EXTRACT;5256;16;5255;49;;;5261;16;5262;49;;;5258.5;-11.517578125
39;48900;VELVETFRUIT_EXTRACT;5255;72;;;;;5261;72;;;;;5258.0;-11.93505859375
39;49000;VELVETFRUIT_EXTRACT;5255;55;;;;;5257;15;5260;17;5261;38;5256.0;-12.36181640625
39;49100;VELVETFRUIT_EXTRACT;5256;21;5255;44;;;5261;21;5262;44;;;5258.5;-11.515625
39;49200;VELVETFRUIT_EXTRACT;5255;60;;;;;5260;18;5261;42;;;5257.5;-12.12109375
39;49300;VELVETFRUIT_EXTRACT;5256;53;;;;;5261;18;5262;35;;;5258.5;-11.36865234375
39;49400;VELVETFRUIT_EXTRACT;5257;72;;;;;5262;23;5263;49;;;5259.5;-10.17236328125
39;49500;VELVETFRUIT_EXTRACT;5256;62;;;;;5261;18;5262;44;;;5258.5;-11.248046875
39;49600;VELVETFRUIT_EXTRACT;5256;17;5255;38;;;5261;55;;;;;5258.5;-11.67919921875
39;49700;VELVETFRUIT_EXTRACT;5256;56;;;;;5262;56;;;;;5259.0;-10.93408203125
39;49800;VELVETFRUIT_EXTRACT;5256;70;;;;;5261;22;5262;48;;;5258.5;-11.15771484375
39;49900;VELVETFRUIT_EXTRACT;5258;25;5257;34;;;5263;59;;;;;5260.5;-9.6533203125
39;50000;VELVETFRUIT_EXTRACT;5258;22;5257;35;;;5263;57;;;;;5260.5;-9.63330078125
39;50100;VELVETFRUIT_EXTRACT;5258;61;;;;;5263;15;5264;46;;;5260.5;-9.240234375
39;50200;VELVETFRUIT_EXTRACT;5257;22;5256;37;;;5262;59;;;;;5259.5;-10.76953125
39;50300;VELVETFRUIT_EXTRACT;5256;60;;;;;5262;60;;;;;5259.0;-11.03564453125
39;50400;VELVETFRUIT_EXTRACT;5258;20;5257;30;;;5263;50;;;;;5260.5;-9.8232421875
39;50500;VELVETFRUIT_EXTRACT;5257;65;;;;;5262;24;5263;41;;;5259.5;-10.29248046875
39;50600;VELVETFRUIT_EXTRACT;5259;15;5258;33;;;5264;48;;;;;5261.5;-8.73779296875
39;50700;VELVETFRUIT_EXTRACT;5259;15;5258;35;;;5264;15;5265;35;;;5261.5;-8.43359375
39;50800;VELVETFRUIT_EXTRACT;5261;49;;;;;5267;49;;;;;5264.0;-6.08984375
39;50900;VELVETFRUIT_EXTRACT;5263;19;5262;45;;;5268;64;;;;;5265.5;-4.8330078125
39;51000;VELVETFRUIT_EXTRACT;5261;51;;;;;5267;51;;;;;5264.0;-5.9775390625
39;51100;VELVETFRUIT_EXTRACT;5261;54;;;;;5267;54;;;;;5264.0;-6.1005859375
39;51200;VELVETFRUIT_EXTRACT;5260;55;;;;;5266;55;;;;;5263.0;-7.01513671875
39;51300;VELVETFRUIT_EXTRACT;5262;15;5261;50;;;5267;15;5268;50;;;5264.5;-5.53515625
39;51400;VELVETFRUIT_EXTRACT;5262;22;5261;38;;;5267;60;;;;;5264.5;-5.78125
39;51500;VELVETFRUIT_EXTRACT;5260;58;;;;;5265;20;5266;38;;;5262.5;-7.1279296875
39;51600;VELVETFRUIT_EXTRACT;5262;19;5261;48;;;5267;67;;;;;5264.5;-5.82080078125
39;51700;VELVETFRUIT_EXTRACT;5260;19;5259;46;;;5265;19;5266;46;;;5262.5;-7.5966796875
39;51800;VELVETFRUIT_EXTRACT;5260;18;5259;32;;;5265;18;5266;32;;;5262.5;-7.49951171875
39;51900;VELVETFRUIT_EXTRACT;5259;16;5258;30;;;5264;16;5265;30;;;5261.5;-8.42041015625
39;52000;VELVETFRUIT_EXTRACT;5259;15;5258;44;;;5264;15;5265;44;;;5261.5;-8.5810546875
39;52100;VELVETFRUIT_EXTRACT;5260;18;5259;46;;;5265;64;;;;;5262.5;-7.69287109375
39;52200;VELVETFRUIT_EXTRACT;5259;53;;;;;5264;20;5265;33;;;5261.5;-8.296875
39;52300;VELVETFRUIT_EXTRACT;5260;25;5259;33;;;5265;58;;;;;5262.5;-7.79931640625
39;52400;VELVETFRUIT_EXTRACT;5259;54;;;;;5265;54;;;;;5262.0;-8.099609375
39;52500;VELVETFRUIT_EXTRACT;5258;15;5257;39;;;5263;15;5264;39;;;5260.5;-9.48388671875
39;52600;VELVETFRUIT_EXTRACT;5257;72;;;;;5263;72;;;;;5260.0;-9.919921875
39;52700;VELVETFRUIT_EXTRACT;5257;19;5256;31;;;5262;19;5263;31;;;5259.5;-10.494140625
39;52800;VELVETFRUIT_EXTRACT;5257;24;5256;43;;;5262;24;5263;43;;;5259.5;-10.53857421875
39;52900;VELVETFRUIT_EXTRACT;5260;13;5257;19;5256;40;5262;19;5263;40;;;5261.0;-10.484375
39;53000;VELVETFRUIT_EXTRACT;5256;71;;;;;5261;21;5262;50;;;5258.5;-11.15625
39;53100;VELVETFRUIT_EXTRACT;5258;18;5257;35;;;5263;18;5264;35;;;5260.5;-9.55517578125
39;53200;VELVETFRUIT_EXTRACT;5259;24;5258;45;;;5264;69;;;;;5261.5;-8.75341796875
39;53300;VELVETFRUIT_EXTRACT;5259;59;;;;;5264;18;5265;41;;;5261.5;-8.20263671875
39;53400;VELVETFRUIT_EXTRACT;5259;19;5258;34;;;5264;19;5265;34;;;5261.5;-8.49853515625
39;53500;VELVETFRUIT_EXTRACT;5258;53;;;;;5263;18;5264;35;;;5260.5;-9.24609375
39;53600;VELVETFRUIT_EXTRACT;5257;63;;;;;5262;23;5263;40;;;5259.5;-10.23974609375
39;53700;VELVETFRUIT_EXTRACT;5256;54;;;;;5262;54;;;;;5259.0;-10.97998046875
39;53800;VELVETFRUIT_EXTRACT;5256;62;;;;;5262;62;;;;;5259.0;-11.04443359375
39;53900;VELVETFRUIT_EXTRACT;5256;16;5255;40;;;5261;56;;;;;5258.5;-11.794921875
39;54000;VELVETFRUIT_EXTRACT;5254;61;;;;;5259;23;5260;38;;;5256.5;-13.35986328125
39;54100;VELVETFRUIT_EXTRACT;5256;16;5255;42;;;5261;16;5262;42;;;5258.5;-11.47998046875
39;54200;VELVETFRUIT_EXTRACT;5257;53;;;;;5262;23;5263;30;;;5259.5;-10.2109375
39;54300;VELVETFRUIT_EXTRACT;5257;16;5256;34;;;5262;50;;;;;5259.5;-10.84423828125
39;54400;VELVETFRUIT_EXTRACT;5257;15;5256;48;;;5262;63;;;;;5259.5;-10.732421875
39;54500;VELVETFRUIT_EXTRACT;5258;21;5257;43;;;5260;10;5263;21;5264;43;5259.0;-9.43896484375
39;54600;VELVETFRUIT_EXTRACT;5258;20;5257;49;;;5263;20;5264;49;;;5260.5;-9.47119140625
39;54700;VELVETFRUIT_EXTRACT;5256;55;;;;;5261;17;5262;38;;;5258.5;-11.1923828125
39;54800;VELVETFRUIT_EXTRACT;5256;75;;;;;5261;25;5262;50;;;5258.5;-11.2392578125
39;54900;VELVETFRUIT_EXTRACT;5255;18;5254;30;;;5260;18;5261;30;;;5257.5;-12.52685546875
39;55000;VELVETFRUIT_EXTRACT;5255;66;;;;;5260;20;5261;46;;;5257.5;-12.23046875
39;55100;VELVETFRUIT_EXTRACT;5256;64;;;;;5261;18;5262;46;;;5258.5;-11.28125
39;55200;VELVETFRUIT_EXTRACT;5255;25;5254;35;;;5260;60;;;;;5257.5;-12.79931640625
39;55300;VELVETFRUIT_EXTRACT;5255;6;5253;47;;;5258;17;5259;30;;;5256.5;-14.271484375
39;55400;VELVETFRUIT_EXTRACT;5254;17;5253;49;;;5256;7;5259;17;5260;49;5255.0;-13.6015625
39;55500;VELVETFRUIT_EXTRACT;5254;22;5253;41;;;5259;63;;;;;5256.5;-13.66845703125
39;55600;VELVETFRUIT_EXTRACT;5253;64;;;;;5258;16;5259;48;;;5255.5;-14.2705078125
39;55700;VELVETFRUIT_EXTRACT;5254;15;5253;48;;;5259;15;5260;48;;;5256.5;-13.54833984375
39;55800;VELVETFRUIT_EXTRACT;5253;20;5252;44;;;5254;8;5258;64;;;5253.5;-14.66357421875
39;55900;VELVETFRUIT_EXTRACT;5253;16;5252;37;;;5258;53;;;;;5255.5;-14.775390625
39;56000;VELVETFRUIT_EXTRACT;5251;70;;;;;5256;25;5257;45;;;5253.5;-16.11865234375
39;56100;VELVETFRUIT_EXTRACT;5252;65;;;;;5257;15;5258;50;;;5254.5;-15.275390625
39;56200;VELVETFRUIT_EXTRACT;5251;15;5250;38;;;5256;53;;;;;5253.5;-16.86181640625
39;56300;VELVETFRUIT_EXTRACT;5249;24;5248;40;;;5254;24;5255;40;;;5251.5;-18.4931640625
39;56400;VELVETFRUIT_EXTRACT;5251;5;5249;65;;;5254;18;5255;47;;;5252.5;-18.3427734375
39;56500;VELVETFRUIT_EXTRACT;5250;23;5249;46;;;5255;69;;;;;5252.5;-17.75390625
39;56600;VELVETFRUIT_EXTRACT;5249;58;;;;;5251;8;5254;23;5255;35;5250.0;-18.1044921875
39;56700;VELVETFRUIT_EXTRACT;5248;67;;;;;5254;67;;;;;5251.0;-18.9130859375
39;56800;VELVETFRUIT_EXTRACT;5252;10;5249;53;;;5255;53;;;;;5253.5;-18.0986328125
39;56900;VELVETFRUIT_EXTRACT;5250;19;5249;39;;;5255;19;5256;39;;;5252.5;-17.37744140625
39;57000;VELVETFRUIT_EXTRACT;5249;25;5248;34;;;5254;59;;;;;5251.5;-18.87939453125
39;57100;VELVETFRUIT_EXTRACT;5247;68;;;;;5252;25;5253;43;;;5249.5;-20.3525390625
39;57200;VELVETFRUIT_EXTRACT;5249;6;5247;65;;;5252;21;5253;44;;;5250.5;-20.3251953125
39;57300;VELVETFRUIT_EXTRACT;5246;58;;;;;5251;24;5252;34;;;5248.5;-21.26953125
39;57400;VELVETFRUIT_EXTRACT;5246;15;5245;35;;;5251;15;5252;35;;;5248.5;-21.3955078125
39;57500;VELVETFRUIT_EXTRACT;5247;19;5246;49;;;5252;68;;;;;5249.5;-20.890625
39;57600;VELVETFRUIT_EXTRACT;5246;18;5245;49;;;5251;18;5252;49;;;5248.5;-21.52099609375
39;57700;VELVETFRUIT_EXTRACT;5246;67;;;;;5251;23;5252;44;;;5248.5;-21.34423828125
39;57800;VELVETFRUIT_EXTRACT;5248;6;5246;52;;;5251;18;5252;34;;;5249.5;-21.3486328125
39;57900;VELVETFRUIT_EXTRACT;5246;18;5245;36;;;5251;18;5252;36;;;5248.5;-21.47705078125
39;58000;VELVETFRUIT_EXTRACT;5245;63;;;;;5250;21;5251;42;;;5247.5;-22.24755859375
39;58100;VELVETFRUIT_EXTRACT;5246;49;;;;;5251;17;5252;32;;;5248.5;-21.265625
39;58200;VELVETFRUIT_EXTRACT;5247;57;;;;;5253;57;;;;;5250.0;-19.96533203125
39;58300;VELVETFRUIT_EXTRACT;5248;10;5246;24;5245;49;5251;24;5252;49;;;5249.5;-21.43359375
39;58400;VELVETFRUIT_EXTRACT;5247;8;5245;23;5244;35;5250;58;;;;;5248.5;-22.75732421875
39;58500;VELVETFRUIT_EXTRACT;5245;19;5244;40;;;5250;59;;;;;5247.5;-22.8017578125
39;58600;VELVETFRUIT_EXTRACT;5245;21;5244;42;;;5250;63;;;;;5247.5;-22.76025390625
39;58700;VELVETFRUIT_EXTRACT;5243;16;5242;34;;;5248;16;5249;34;;;5245.5;-24.55908203125
39;58800;VELVETFRUIT_EXTRACT;5241;17;5240;30;;;5246;47;;;;;5243.5;-26.68896484375
39;58900;VELVETFRUIT_EXTRACT;5240;24;5239;47;;;5245;24;5246;47;;;5242.5;-27.4404296875
39;59000;VELVETFRUIT_EXTRACT;5240;59;;;;;5246;59;;;;;5243.0;-26.98486328125
39;59100;VELVETFRUIT_EXTRACT;5240;24;5239;46;;;5245;70;;;;;5242.5;-27.75830078125
39;59200;VELVETFRUIT_EXTRACT;5239;25;5238;43;;;5244;68;;;;;5241.5;-28.72021484375
39;59300;VELVETFRUIT_EXTRACT;5240;62;;;;;5246;62;;;;;5243.0;-27.04443359375
39;59400;VELVETFRUIT_EXTRACT;5240;17;5239;38;;;5245;17;5246;38;;;5242.5;-27.47412109375
39;59500;VELVETFRUIT_EXTRACT;5239;20;5238;48;;;5244;20;5245;48;;;5241.5;-28.4541015625
39;59600;VELVETFRUIT_EXTRACT;5239;22;5238;36;;;5244;58;;;;;5241.5;-28.84033203125
39;59700;VELVETFRUIT_EXTRACT;5239;18;5238;44;;;5244;62;;;;;5241.5;-28.86083984375
39;59800;VELVETFRUIT_EXTRACT;5240;16;5239;43;;;5245;59;;;;;5242.5;-27.62890625
39;59900;VELVETFRUIT_EXTRACT;5239;64;;;;;5244;23;5245;41;;;5241.5;-28.287109375
39;60000;VELVETFRUIT_EXTRACT;5241;24;5240;35;;;5246;59;;;;;5243.5;-26.732421875
39;60100;VELVETFRUIT_EXTRACT;5240;62;;;;;5245;19;5246;43;;;5242.5;-27.27734375
39;60200;VELVETFRUIT_EXTRACT;5240;60;;;;;5245;19;5246;41;;;5242.5;-27.2607421875
39;60300;VELVETFRUIT_EXTRACT;5240;19;5239;49;;;5245;68;;;;;5242.5;-27.76318359375
39;60400;VELVETFRUIT_EXTRACT;5241;48;;;;;5247;48;;;;;5244.0;-26.0361328125
39;60500;VELVETFRUIT_EXTRACT;5242;22;5241;47;;;5247;69;;;;;5244.5;-25.8916015625
39;60600;VELVETFRUIT_EXTRACT;5243;25;5242;38;;;5248;25;5249;38;;;5245.5;-24.58837890625
39;60700;VELVETFRUIT_EXTRACT;5243;16;5242;40;;;5248;56;;;;;5245.5;-24.75537109375
39;60800;VELVETFRUIT_EXTRACT;5244;19;5243;45;;;5249;19;5250;45;;;5246.5;-23.56005859375
39;60900;VELVETFRUIT_EXTRACT;5244;24;5243;33;;;5249;57;;;;;5246.5;-23.89208984375
39;61000;VELVETFRUIT_EXTRACT;5244;23;5243;30;;;5249;53;;;;;5246.5;-23.77392578125
39;61100;VELVETFRUIT_EXTRACT;5245;15;5244;30;;;5250;15;5251;30;;;5247.5;-22.48974609375
39;61200;VELVETFRUIT_EXTRACT;5246;22;5245;47;;;5251;22;5252;47;;;5248.5;-21.40625
39;61300;VELVETFRUIT_EXTRACT;5246;23;5245;47;;;5251;23;5252;47;;;5248.5;-21.48828125
39;61400;VELVETFRUIT_EXTRACT;5246;21;5245;38;;;5251;59;;;;;5248.5;-21.6650390625
39;61500;VELVETFRUIT_EXTRACT;5245;53;;;;;5250;23;5251;30;;;5247.5;-22.265625
39;61600;VELVETFRUIT_EXTRACT;5245;15;5244;49;;;5250;15;5251;49;;;5247.5;-22.56494140625
39;61700;VELVETFRUIT_EXTRACT;5246;57;;;;;5251;22;5252;35;;;5248.5;-21.3525390625
39;61800;VELVETFRUIT_EXTRACT;5246;54;;;;;5252;54;;;;;5249.0;-21.06005859375
39;61900;VELVETFRUIT_EXTRACT;5247;57;;;;;5252;18;5253;39;;;5249.5;-20.2978515625
39;62000;VELVETFRUIT_EXTRACT;5246;49;;;;;5251;17;5252;32;;;5248.5;-21.20849609375
39;62100;VELVETFRUIT_EXTRACT;5245;52;;;;;5251;52;;;;;5248.0;-21.95849609375
39;62200;VELVETFRUIT_EXTRACT;5246;16;5245;32;;;5251;16;5252;32;;;5248.5;-21.57421875
39;62300;VELVETFRUIT_EXTRACT;5245;61;;;;;5251;61;;;;;5248.0;-22.0205078125
39;62400;VELVETFRUIT_EXTRACT;5245;62;;;;;5250;15;5251;47;;;5247.5;-22.18505859375
39;62500;VELVETFRUIT_EXTRACT;5246;17;5245;33;;;5251;50;;;;;5248.5;-21.77392578125
39;62600;VELVETFRUIT_EXTRACT;5246;75;;;;;5252;75;;;;;5249.0;-21.07275390625
39;62700;VELVETFRUIT_EXTRACT;5247;63;;;;;5252;17;5253;46;;;5249.5;-20.2744140625
39;62800;VELVETFRUIT_EXTRACT;5247;25;5246;44;;;5252;69;;;;;5249.5;-20.80712890625
39;62900;VELVETFRUIT_EXTRACT;5247;18;5246;30;;;5252;48;;;;;5249.5;-20.7197265625
39;63000;VELVETFRUIT_EXTRACT;5247;25;5246;48;;;5252;73;;;;;5249.5;-20.8681640625
39;63100;VELVETFRUIT_EXTRACT;5246;58;;;;;5252;58;;;;;5249.0;-20.90625
39;63200;VELVETFRUIT_EXTRACT;5252;8;5249;50;;;5254;19;5255;31;;;5253.0;-18.27197265625
39;63300;VELVETFRUIT_EXTRACT;5249;18;5248;42;;;5251;7;5254;60;;;5250.0;-18.76806640625
39;63400;VELVETFRUIT_EXTRACT;5250;17;5249;30;;;5255;17;5256;30;;;5252.5;-17.38818359375
39;63500;VELVETFRUIT_EXTRACT;5250;25;5249;43;;;5255;25;5256;43;;;5252.5;-17.5498046875
39;63600;VELVETFRUIT_EXTRACT;5250;25;5249;30;;;5255;25;5256;30;;;5252.5;-17.59130859375
39;63700;VELVETFRUIT_EXTRACT;5248;56;;;;;5254;56;;;;;5251.0;-19.06884765625
39;63800;VELVETFRUIT_EXTRACT;5249;19;5248;36;;;5254;19;5255;36;;;5251.5;-18.44921875
39;63900;VELVETFRUIT_EXTRACT;5248;25;5247;49;;;5253;25;5254;49;;;5250.5;-19.462890625
39;64000;VELVETFRUIT_EXTRACT;5249;52;;;;;5255;52;;;;;5252.0;-18.00537109375
39;64100;VELVETFRUIT_EXTRACT;5249;53;;;;;5255;53;;;;;5252.0;-18.095703125
39;64200;VELVETFRUIT_EXTRACT;5250;57;;;;;5255;16;5256;41;;;5252.5;-17.18408203125
39;64300;VELVETFRUIT_EXTRACT;5249;52;;;;;5255;52;;;;;5252.0;-17.99267578125
39;64400;VELVETFRUIT_EXTRACT;5251;24;5250;49;;;5256;24;5257;49;;;5253.5;-16.48681640625
39;64500;VELVETFRUIT_EXTRACT;5251;18;5250;50;;;5256;68;;;;;5253.5;-16.80029296875
39;64600;VELVETFRUIT_EXTRACT;5251;57;;;;;5257;57;;;;;5254.0;-16.01806640625
39;64700;VELVETFRUIT_EXTRACT;5250;24;5249;43;;;5255;67;;;;;5252.5;-17.71240234375
39;64800;VELVETFRUIT_EXTRACT;5249;25;5248;31;;;5254;25;5255;31;;;5251.5;-18.45068359375
39;64900;VELVETFRUIT_EXTRACT;5249;23;5248;33;;;5254;56;;;;;5251.5;-18.83203125
39;65000;VELVETFRUIT_EXTRACT;5247;48;;;;;5252;17;5253;31;;;5249.5;-20.31884765625
39;65100;VELVETFRUIT_EXTRACT;5248;62;;;;;5253;18;5254;44;;;5250.5;-19.29931640625
39;65200;VELVETFRUIT_EXTRACT;5248;59;;;;;5253;16;5254;43;;;5250.5;-19.25146484375
39;65300;VELVETFRUIT_EXTRACT;5249;21;5248;37;;;5254;21;5255;37;;;5251.5;-18.46142578125
39;65400;VELVETFRUIT_EXTRACT;5249;25;5248;48;;;5254;73;;;;;5251.5;-18.77001953125
39;65500;VELVETFRUIT_EXTRACT;5249;56;;;;;5254;15;5255;41;;;5251.5;-18.15087890625
39;65600;VELVETFRUIT_EXTRACT;5250;71;;;;;5256;71;;;;;5253.0;-16.91455078125
39;65700;VELVETFRUIT_EXTRACT;5251;15;5250;35;;;5256;15;5257;35;;;5253.5;-16.59912109375
39;65800;VELVETFRUIT_EXTRACT;5250;17;5249;39;;;5255;17;5256;39;;;5252.5;-17.40185546875
39;65900;VELVETFRUIT_EXTRACT;5250;22;5249;50;;;5252;6;5255;22;5256;50;5251.0;-17.40771484375
39;66000;VELVETFRUIT_EXTRACT;5249;20;5248;37;;;5254;57;;;;;5251.5;-18.6396484375
39;66100;VELVETFRUIT_EXTRACT;5250;67;;;;;5255;25;5256;42;;;5252.5;-17.23193359375
39;66200;VELVETFRUIT_EXTRACT;5250;22;5249;42;;;5255;22;5256;42;;;5252.5;-17.51171875
39;66300;VELVETFRUIT_EXTRACT;5249;58;;;;;5255;58;;;;;5252.0;-17.92822265625
39;66400;VELVETFRUIT_EXTRACT;5248;55;;;;;5253;25;5254;30;;;5250.5;-19.13916015625
39;66500;VELVETFRUIT_EXTRACT;5249;19;5248;46;;;5254;65;;;;;5251.5;-18.681640625
39;66600;VELVETFRUIT_EXTRACT;5251;16;5250;39;;;5256;55;;;;;5253.5;-16.88232421875
39;66700;VELVETFRUIT_EXTRACT;5252;67;;;;;5257;21;5258;46;;;5254.5;-15.31689453125
39;66800;VELVETFRUIT_EXTRACT;5253;20;5252;33;;;5258;53;;;;;5255.5;-14.88623046875
39;66900;VELVETFRUIT_EXTRACT;5252;59;;;;;5257;22;5258;37;;;5254.5;-15.33056640625
39;67000;VELVETFRUIT_EXTRACT;5252;56;;;;;5258;56;;;;;5255.0;-14.92529296875
39;67100;VELVETFRUIT_EXTRACT;5253;59;;;;;5259;59;;;;;5256.0;-13.9501953125
39;67200;VELVETFRUIT_EXTRACT;5254;23;5253;40;;;5259;63;;;;;5256.5;-13.755859375
39;67300;VELVETFRUIT_EXTRACT;5253;60;;;;;5258;15;5259;45;;;5255.5;-14.15185546875
39;67400;VELVETFRUIT_EXTRACT;5254;52;;;;;5259;17;5260;35;;;5256.5;-13.23095703125
39;67500;VELVETFRUIT_EXTRACT;5255;19;5254;31;;;5260;19;5261;31;;;5257.5;-12.50390625
39;67600;VELVETFRUIT_EXTRACT;5257;23;5256;38;;;5262;61;;;;;5259.5;-10.7841796875
39;67700;VELVETFRUIT_EXTRACT;5257;61;;;;;5262;17;5263;44;;;5259.5;-10.2099609375
39;67800;VELVETFRUIT_EXTRACT;5257;21;5256;48;;;5262;69;;;;;5259.5;-10.82275390625
39;67900;VELVETFRUIT_EXTRACT;5257;20;5256;30;;;5262;50;;;;;5259.5;-10.86767578125
39;68000;VELVETFRUIT_EXTRACT;5257;50;;;;;5262;16;5263;34;;;5259.5;-10.33154296875
39;68100;VELVETFRUIT_EXTRACT;5257;22;5256;37;;;5262;59;;;;;5259.5;-10.70849609375
39;68200;VELVETFRUIT_EXTRACT;5256;60;;;;;5261;18;5262;42;;;5258.5;-11.232421875
39;68300;VELVETFRUIT_EXTRACT;5256;16;5255;45;;;5261;61;;;;;5258.5;-11.64013671875
39;68400;VELVETFRUIT_EXTRACT;5255;25;5254;33;;;5260;25;5261;33;;;5257.5;-12.44677734375
39;68500;VELVETFRUIT_EXTRACT;5254;49;;;;;5259;17;5260;32;;;5256.5;-13.27001953125
39;68600;VELVETFRUIT_EXTRACT;5253;69;;;;;5258;22;5259;47;;;5255.5;-14.216796875
39;68700;VELVETFRUIT_EXTRACT;5253;19;5252;31;;;5258;50;;;;;5255.5;-14.69921875
39;68800;VELVETFRUIT_EXTRACT;5251;50;;;;;5256;20;5257;30;;;5253.5;-16.11962890625
39;68900;VELVETFRUIT_EXTRACT;5251;20;5250;42;;;5256;62;;;;;5253.5;-16.6767578125
39;69000;VELVETFRUIT_EXTRACT;5252;52;;;;;5257;22;5258;30;;;5254.5;-15.13232421875
39;69100;VELVETFRUIT_EXTRACT;5252;18;5251;30;;;5257;48;;;;;5254.5;-15.6689453125
39;69200;VELVETFRUIT_EXTRACT;5251;15;5250;46;;;5253;11;5256;15;5257;46;5252.0;-16.4267578125
39;69300;VELVETFRUIT_EXTRACT;5252;22;5251;30;;;5257;22;5258;30;;;5254.5;-15.5341796875
39;69400;VELVETFRUIT_EXTRACT;5251;19;5250;34;;;5256;53;;;;;5253.5;-16.822265625
39;69500;VELVETFRUIT_EXTRACT;5253;21;5252;46;;;5258;67;;;;;5255.5;-14.7578125
39;69600;VELVETFRUIT_EXTRACT;5255;47;;;;;5260;16;5261;31;;;5257.5;-12.35986328125
39;69700;VELVETFRUIT_EXTRACT;5254;18;5253;31;;;5259;18;5260;31;;;5256.5;-13.48291015625
39;69800;VELVETFRUIT_EXTRACT;5254;68;;;;;5259;21;5260;47;;;5256.5;-13.34619140625
39;69900;VELVETFRUIT_EXTRACT;5255;20;5254;30;;;5260;20;5261;30;;;5257.5;-12.3798828125
39;70000;VELVETFRUIT_EXTRACT;5255;47;;;;;5260;16;5261;31;;;5257.5;-12.138671875
39;70100;VELVETFRUIT_EXTRACT;5254;17;5253;33;;;5259;17;5260;33;;;5256.5;-13.48095703125
39;70200;VELVETFRUIT_EXTRACT;5254;16;5253;33;;;5259;49;;;;;5256.5;-13.69140625
39;70300;VELVETFRUIT_EXTRACT;5255;23;5254;45;;;5260;23;5261;45;;;5257.5;-12.5458984375
39;70400;VELVETFRUIT_EXTRACT;5255;53;;;;;5260;16;5261;37;;;5257.5;-12.22802734375
39;70500;VELVETFRUIT_EXTRACT;5255;67;;;;;5257;8;5261;67;;;5256.0;-12.06005859375
39;70600;VELVETFRUIT_EXTRACT;5254;22;5253;41;;;5259;63;;;;;5256.5;-13.81494140625
39;70700;VELVETFRUIT_EXTRACT;5254;61;;;;;5259;24;5260;37;;;5256.5;-13.37060546875
39;70800;VELVETFRUIT_EXTRACT;5253;64;;;;;5259;64;;;;;5256.0;-13.9228515625
39;70900;VELVETFRUIT_EXTRACT;5253;51;;;;;5259;51;;;;;5256.0;-14.0458984375
39;71000;VELVETFRUIT_EXTRACT;5252;61;;;;;5257;19;5258;42;;;5254.5;-15.33154296875
39;71100;VELVETFRUIT_EXTRACT;5252;56;;;;;5257;19;5258;37;;;5254.5;-15.18994140625
39;71200;VELVETFRUIT_EXTRACT;5251;47;;;;;5257;47;;;;;5254.0;-15.95751953125
39;71300;VELVETFRUIT_EXTRACT;5252;19;5251;32;;;5254;6;5257;51;;;5253.0;-15.71826171875
39;71400;VELVETFRUIT_EXTRACT;5249;52;;;;;5255;52;;;;;5252.0;-18.02490234375
39;71500;VELVETFRUIT_EXTRACT;5251;8;5249;60;;;5255;60;;;;;5253.0;-18.08251953125
39;71600;VELVETFRUIT_EXTRACT;5250;24;5249;44;;;5255;68;;;;;5252.5;-17.71630859375
39;71700;VELVETFRUIT_EXTRACT;5250;17;5249;44;;;5255;17;5256;44;;;5252.5;-17.61376953125
39;71800;VELVETFRUIT_EXTRACT;5252;20;5251;31;;;5257;51;;;;;5254.5;-15.68115234375
39;71900;VELVETFRUIT_EXTRACT;5250;53;;;;;5256;53;;;;;5253.0;-17.0693359375
39;72000;VELVETFRUIT_EXTRACT;5252;56;;;;;5257;23;5258;33;;;5254.5;-15.1591796875
39;72100;VELVETFRUIT_EXTRACT;5253;52;;;;;5258;15;5259;37;;;5255.5;-14.294921875
39;72200;VELVETFRUIT_EXTRACT;5255;15;5254;30;;;5260;45;;;;;5257.5;-12.82763671875
39;72300;VELVETFRUIT_EXTRACT;5254;52;;;;;5257;10;5260;52;;;5255.5;-12.90380859375
39;72400;VELVETFRUIT_EXTRACT;5255;22;5254;39;;;5257;10;5260;61;;;5256.0;-12.79736328125
39;72500;VELVETFRUIT_EXTRACT;5256;16;5255;36;;;5261;52;;;;;5258.5;-11.7041015625
39;72600;VELVETFRUIT_EXTRACT;5256;61;;;;;5262;61;;;;;5259.0;-11.0517578125
39;72700;VELVETFRUIT_EXTRACT;5256;56;;;;;5261;19;5262;37;;;5258.5;-11.32080078125
39;72800;VELVETFRUIT_EXTRACT;5256;59;;;;;5258;10;5261;25;5262;34;5257.0;-11.2109375
39;72900;VELVETFRUIT_EXTRACT;5255;57;;;;;5260;20;5261;37;;;5257.5;-12.17724609375
39;73000;VELVETFRUIT_EXTRACT;5255;17;5254;49;;;5260;17;5261;49;;;5257.5;-12.50390625
39;73100;VELVETFRUIT_EXTRACT;5256;45;;;;;5261;15;5262;30;;;5258.5;-11.30224609375
39;73200;VELVETFRUIT_EXTRACT;5254;64;;;;;5260;64;;;;;5257.0;-12.93017578125
39;73300;VELVETFRUIT_EXTRACT;5254;16;5253;41;;;5259;57;;;;;5256.5;-13.7060546875
39;73400;VELVETFRUIT_EXTRACT;5253;62;;;;;5258;15;5259;47;;;5255.5;-14.24609375
39;73500;VELVETFRUIT_EXTRACT;5252;60;;;;;5258;60;;;;;5255.0;-14.90771484375
39;73600;VELVETFRUIT_EXTRACT;5253;66;;;;;5258;25;5259;41;;;5255.5;-14.33154296875
39;73700;VELVETFRUIT_EXTRACT;5254;23;5253;44;;;5259;23;5260;44;;;5256.5;-13.4599609375
39;73800;VELVETFRUIT_EXTRACT;5254;21;5253;30;;;5259;51;;;;;5256.5;-13.8974609375
39;73900;VELVETFRUIT_EXTRACT;5254;49;;;;;5260;49;;;;;5257.0;-12.9052734375
39;74000;VELVETFRUIT_EXTRACT;5253;16;5252;33;;;5258;16;5259;33;;;5255.5;-14.4892578125
39;74100;VELVETFRUIT_EXTRACT;5254;17;5253;32;;;5259;49;;;;;5256.5;-13.81591796875
39;74200;VELVETFRUIT_EXTRACT;5254;20;5253;41;;;5259;61;;;;;5256.5;-13.74169921875
39;74300;VELVETFRUIT_EXTRACT;5254;54;;;;;5260;54;;;;;5257.0;-12.96728515625
39;74400;VELVETFRUIT_EXTRACT;5254;72;;;;;5259;23;5260;49;;;5256.5;-13.287109375
39;74500;VELVETFRUIT_EXTRACT;5254;24;5253;32;;;5259;56;;;;;5256.5;-13.744140625
39;74600;VELVETFRUIT_EXTRACT;5254;18;5253;47;;;5259;65;;;;;5256.5;-13.7509765625
39;74700;VELVETFRUIT_EXTRACT;5253;74;;;;;5259;74;;;;;5256.0;-13.9609375
39;74800;VELVETFRUIT_EXTRACT;5253;25;5252;31;;;5258;25;5259;31;;;5255.5;-14.54443359375
39;74900;VELVETFRUIT_EXTRACT;5253;58;;;;;5258;18;5259;40;;;5255.5;-14.2177734375
39;75000;VELVETFRUIT_EXTRACT;5254;17;5253;43;;;5259;60;;;;;5256.5;-13.81689453125
39;75100;VELVETFRUIT_EXTRACT;5252;56;;;;;5257;17;5258;39;;;5254.5;-15.2294921875
39;75200;VELVETFRUIT_EXTRACT;5253;16;5252;43;;;5258;16;5259;43;;;5255.5;-14.61083984375
39;75300;VELVETFRUIT_EXTRACT;5252;21;5251;34;;;5257;55;;;;;5254.5;-15.75634765625
39;75400;VELVETFRUIT_EXTRACT;5254;23;5253;36;;;5259;23;5260;36;;;5256.5;-13.61279296875
39;75500;VELVETFRUIT_EXTRACT;5254;23;5253;49;;;5259;72;;;;;5256.5;-13.78759765625
39;75600;VELVETFRUIT_EXTRACT;5254;21;5253;33;;;5259;54;;;;;5256.5;-13.78125
39;75700;VELVETFRUIT_EXTRACT;5253;24;5252;39;;;5258;63;;;;;5255.5;-14.767578125
39;75800;VELVETFRUIT_EXTRACT;5253;17;5252;46;;;5258;63;;;;;5255.5;-14.6650390625
39;75900;VELVETFRUIT_EXTRACT;5252;66;;;;;5257;17;5258;49;;;5254.5;-15.21826171875
39;76000;VELVETFRUIT_EXTRACT;5253;56;;;;;5258;16;5259;40;;;5255.5;-14.1201171875
39;76100;VELVETFRUIT_EXTRACT;5253;66;;;;;5258;20;5259;46;;;5255.5;-14.173828125
39;76200;VELVETFRUIT_EXTRACT;5253;6;5251;24;5250;44;5256;24;5257;44;;;5254.5;-16.4853515625
39;76300;VELVETFRUIT_EXTRACT;5252;59;;;;;5257;17;5258;42;;;5254.5;-15.1044921875
39;76400;VELVETFRUIT_EXTRACT;5252;63;;;;;5258;63;;;;;5255.0;-15.0185546875
39;76500;VELVETFRUIT_EXTRACT;5252;53;;;;;5258;53;;;;;5255.0;-14.9248046875
39;76600;VELVETFRUIT_EXTRACT;5252;60;;;;;5258;60;;;;;5255.0;-14.9853515625
39;76700;VELVETFRUIT_EXTRACT;5252;52;;;;;5258;52;;;;;5255.0;-14.9794921875
39;76800;VELVETFRUIT_EXTRACT;5251;75;;;;;5257;75;;;;;5254.0;-16.064453125
39;76900;VELVETFRUIT_EXTRACT;5251;25;5250;35;;;5256;60;;;;;5253.5;-16.7509765625
39;77000;VELVETFRUIT_EXTRACT;5251;16;5250;32;;;5256;48;;;;;5253.5;-16.78125
39;77100;VELVETFRUIT_EXTRACT;5250;16;5249;41;;;5255;16;5256;41;;;5252.5;-17.62548828125
39;77200;VELVETFRUIT_EXTRACT;5250;24;5249;30;;;5255;54;;;;;5252.5;-17.75048828125
39;77300;VELVETFRUIT_EXTRACT;5251;15;5249;24;5248;35;5254;24;5255;35;;;5252.5;-18.6015625
39;77400;VELVETFRUIT_EXTRACT;5249;17;5248;48;;;5254;17;5255;48;;;5251.5;-18.427734375
39;77500;VELVETFRUIT_EXTRACT;5251;23;5250;32;;;5256;55;;;;;5253.5;-16.80029296875
39;77600;VELVETFRUIT_EXTRACT;5251;24;5250;39;;;5256;24;5257;39;;;5253.5;-16.61572265625
39;77700;VELVETFRUIT_EXTRACT;5251;16;5250;33;;;5256;49;;;;;5253.5;-16.8984375
39;77800;VELVETFRUIT_EXTRACT;5252;20;5251;42;;;5257;20;5258;42;;;5254.5;-15.5322265625
39;77900;VELVETFRUIT_EXTRACT;5253;24;5252;31;;;5258;24;5259;31;;;5255.5;-14.603515625
39;78000;VELVETFRUIT_EXTRACT;5251;54;;;;;5256;15;5257;39;;;5253.5;-16.341796875
39;78100;VELVETFRUIT_EXTRACT;5254;16;5253;48;;;5259;64;;;;;5256.5;-13.7490234375
39;78200;VELVETFRUIT_EXTRACT;5253;54;;;;;5258;21;5259;33;;;5255.5;-14.2998046875
39;78300;VELVETFRUIT_EXTRACT;5254;15;5252;15;5251;50;5257;65;;;;;5255.5;-15.6298828125
39;78400;VELVETFRUIT_EXTRACT;5252;25;5251;46;;;5257;25;5258;46;;;5254.5;-15.55322265625
39;78500;VELVETFRUIT_EXTRACT;5251;54;;;;;5257;54;;;;;5254.0;-15.96826171875
39;78600;VELVETFRUIT_EXTRACT;5251;24;5250;32;;;5256;24;5257;32;;;5253.5;-16.576171875
39;78700;VELVETFRUIT_EXTRACT;5251;67;;;;;5256;20;5257;47;;;5253.5;-16.32080078125
39;78800;VELVETFRUIT_EXTRACT;5252;52;;;;;5257;22;5258;30;;;5254.5;-15.11865234375
39;78900;VELVETFRUIT_EXTRACT;5253;51;;;;;5259;51;;;;;5256.0;-13.9755859375
39;79000;VELVETFRUIT_EXTRACT;5253;60;;;;;5259;60;;;;;5256.0;-13.97998046875
39;79100;VELVETFRUIT_EXTRACT;5253;69;;;;;5258;24;5259;45;;;5255.5;-14.201171875
39;79200;VELVETFRUIT_EXTRACT;5254;15;5253;42;;;5259;57;;;;;5256.5;-13.88134765625
39;79300;VELVETFRUIT_EXTRACT;5255;68;;;;;5260;20;5261;48;;;5257.5;-12.33984375
39;79400;VELVETFRUIT_EXTRACT;5255;24;5254;47;;;5260;24;5261;47;;;5257.5;-12.37548828125
39;79500;VELVETFRUIT_EXTRACT;5254;69;;;;;5260;69;;;;;5257.0;-13.0986328125
39;79600;VELVETFRUIT_EXTRACT;5256;20;5255;49;;;5261;69;;;;;5258.5;-11.8203125
39;79700;VELVETFRUIT_EXTRACT;5254;17;5253;47;;;5259;17;5260;47;;;5256.5;-13.54736328125
39;79800;VELVETFRUIT_EXTRACT;5254;55;;;;;5260;55;;;;;5257.0;-12.92041015625
39;79900;VELVETFRUIT_EXTRACT;5255;22;5254;38;;;5257;22;5260;22;5261;38;5256.0;-12.41748046875
39;80000;VELVETFRUIT_EXTRACT;5257;19;5256;31;;;5262;19;5263;31;;;5259.5;-10.45751953125
39;80100;VELVETFRUIT_EXTRACT;5259;55;;;;;5264;17;5265;38;;;5261.5;-8.36181640625
39;80200;VELVETFRUIT_EXTRACT;5258;55;;;;;5263;24;5264;31;;;5260.5;-9.25244140625
39;80300;VELVETFRUIT_EXTRACT;5258;61;;;;;5263;23;5264;38;;;5260.5;-9.24658203125
39;80400;VELVETFRUIT_EXTRACT;5260;25;5259;48;;;5265;73;;;;;5262.5;-7.63623046875
39;80500;VELVETFRUIT_EXTRACT;5260;66;;;;;5265;17;5266;49;;;5262.5;-7.17431640625
39;80600;VELVETFRUIT_EXTRACT;5260;25;5259;40;;;5265;25;5266;40;;;5262.5;-7.36962890625
39;80700;VELVETFRUIT_EXTRACT;5260;20;5259;50;;;5265;70;;;;;5262.5;-7.8642578125
39;80800;VELVETFRUIT_EXTRACT;5261;56;;;;;5266;19;5267;37;;;5263.5;-6.2021484375
39;80900;VELVETFRUIT_EXTRACT;5261;67;;;;;5266;21;5267;46;;;5263.5;-6.2734375
39;81000;VELVETFRUIT_EXTRACT;5262;17;5261;32;;;5267;17;5268;32;;;5264.5;-5.48486328125
39;81100;VELVETFRUIT_EXTRACT;5262;53;;;;;5267;16;5268;37;;;5264.5;-5.31640625
39;81200;VELVETFRUIT_EXTRACT;5262;53;;;;;5268;53;;;;;5265.0;-4.931640625
39;81300;VELVETFRUIT_EXTRACT;5262;64;;;;;5267;22;5268;42;;;5264.5;-5.365234375
39;81400;VELVETFRUIT_EXTRACT;5262;65;;;;;5267;17;5268;48;;;5264.5;-5.16259765625
39;81500;VELVETFRUIT_EXTRACT;5263;52;;;;;5269;52;;;;;5266.0;-3.95068359375
39;81600;VELVETFRUIT_EXTRACT;5263;65;;;;;5269;65;;;;;5266.0;-4.01513671875
39;81700;VELVETFRUIT_EXTRACT;5265;9;5263;15;5262;40;5268;15;5269;40;;;5266.5;-4.5546875
39;81800;VELVETFRUIT_EXTRACT;5263;70;;;;;5268;21;5269;49;;;5265.5;-4.1923828125
39;81900;VELVETFRUIT_EXTRACT;5265;24;5264;34;;;5270;58;;;;;5267.5;-2.7392578125
39;82000;VELVETFRUIT_EXTRACT;5267;16;5266;45;;;5272;61;;;;;5269.5;-0.755859375
39;82100;VELVETFRUIT_EXTRACT;5268;21;5267;46;;;5270;5;5273;21;5274;46;5269.0;0.62060546875
39;82200;VELVETFRUIT_EXTRACT;5269;66;;;;;5275;66;;;;;5272.0;2.001953125
39;82300;VELVETFRUIT_EXTRACT;5269;69;;;;;5275;69;;;;;5272.0;2.1015625
39;82400;VELVETFRUIT_EXTRACT;5270;15;5269;30;;;5275;45;;;;;5272.5;2.1669921875
39;82500;VELVETFRUIT_EXTRACT;5268;23;5267;50;;;5273;23;5274;50;;;5270.5;0.62109375
39;82600;VELVETFRUIT_EXTRACT;5269;54;;;;;5274;23;5275;31;;;5271.5;1.75537109375
39;82700;VELVETFRUIT_EXTRACT;5268;55;;;;;5273;19;5274;36;;;5270.5;0.72607421875
39;82800;VELVETFRUIT_EXTRACT;5267;25;5266;44;;;5272;25;5273;44;;;5269.5;-0.60205078125
39;82900;VELVETFRUIT_EXTRACT;5265;63;;;;;5271;63;;;;;5268.0;-2.005859375
39;83000;VELVETFRUIT_EXTRACT;5265;54;;;;;5271;54;;;;;5268.0;-1.96435546875
39;83100;VELVETFRUIT_EXTRACT;5264;63;;;;;5270;63;;;;;5267.0;-3.04443359375
39;83200;VELVETFRUIT_EXTRACT;5264;18;5263;45;;;5269;63;;;;;5266.5;-3.81298828125
39;83300;VELVETFRUIT_EXTRACT;5263;57;;;;;5268;23;5269;34;;;5265.5;-4.16650390625
39;83400;VELVETFRUIT_EXTRACT;5265;15;5264;37;;;5270;52;;;;;5267.5;-2.8564453125
39;83500;VELVETFRUIT_EXTRACT;5266;21;5265;33;;;5271;54;;;;;5268.5;-1.74072265625
39;83600;VELVETFRUIT_EXTRACT;5265;67;;;;;5270;17;5271;50;;;5267.5;-2.17041015625
39;83700;VELVETFRUIT_EXTRACT;5264;59;;;;;5270;59;;;;;5267.0;-2.98974609375
39;83800;VELVETFRUIT_EXTRACT;5268;9;5266;18;5265;31;5271;49;;;;;5269.5;-1.65283203125
39;83900;VELVETFRUIT_EXTRACT;5266;21;5265;37;;;5271;21;5272;37;;;5268.5;-1.50390625
39;84000;VELVETFRUIT_EXTRACT;5266;23;5265;33;;;5271;56;;;;;5268.5;-1.77587890625
39;84100;VELVETFRUIT_EXTRACT;5266;63;;;;;5272;63;;;;;5269.0;-0.95166015625
39;84200;VELVETFRUIT_EXTRACT;5269;10;5266;61;;;5272;61;;;;;5270.5;-0.98291015625
39;84300;VELVETFRUIT_EXTRACT;5269;9;5267;18;5266;49;5272;67;;;;;5270.5;-0.79541015625
39;84400;VELVETFRUIT_EXTRACT;5268;56;;;;;5273;24;5274;32;;;5270.5;0.85888671875
39;84500;VELVETFRUIT_EXTRACT;5270;63;;;;;5275;16;5276;47;;;5272.5;2.82373046875
39;84600;VELVETFRUIT_EXTRACT;5271;22;5270;40;;;5273;6;5276;22;5277;40;5272.0;3.52880859375
39;84700;VELVETFRUIT_EXTRACT;5273;19;5272;44;;;5278;63;;;;;5275.5;5.3017578125
39;84800;VELVETFRUIT_EXTRACT;5271;58;;;;;5276;22;5277;36;;;5273.5;3.70361328125
39;84900;VELVETFRUIT_EXTRACT;5268;58;;;;;5274;58;;;;;5271.0;0.98583984375
39;85000;VELVETFRUIT_EXTRACT;5267;17;5266;47;;;5272;17;5273;47;;;5269.5;-0.5361328125
39;85100;VELVETFRUIT_EXTRACT;5266;19;5265;36;;;5271;55;;;;;5268.5;-1.71044921875
39;85200;VELVETFRUIT_EXTRACT;5266;23;5265;37;;;5271;23;5272;37;;;5268.5;-1.63232421875
39;85300;VELVETFRUIT_EXTRACT;5266;24;5265;33;;;5271;57;;;;;5268.5;-1.67578125
39;85400;VELVETFRUIT_EXTRACT;5266;22;5265;30;;;5271;52;;;;;5268.5;-1.69580078125
39;85500;VELVETFRUIT_EXTRACT;5268;17;5267;40;;;5273;57;;;;;5270.5;0.2900390625
39;85600;VELVETFRUIT_EXTRACT;5268;15;5267;36;;;5273;51;;;;;5270.5;0.20947265625
39;85700;VELVETFRUIT_EXTRACT;5269;25;5268;48;;;5274;25;5275;48;;;5271.5;1.419921875
39;85800;VELVETFRUIT_EXTRACT;5267;17;5266;32;;;5272;17;5273;32;;;5269.5;-0.591796875
39;85900;VELVETFRUIT_EXTRACT;5266;25;5265;43;;;5271;68;;;;;5268.5;-1.83837890625
39;86000;VELVETFRUIT_EXTRACT;5266;65;;;;;5271;15;5272;50;;;5268.5;-1.19970703125
39;86100;VELVETFRUIT_EXTRACT;5267;62;;;;;5272;20;5273;42;;;5269.5;-0.20263671875
39;86200;VELVETFRUIT_EXTRACT;5267;20;5266;34;;;5272;20;5273;34;;;5269.5;-0.53173828125
39;86300;VELVETFRUIT_EXTRACT;5267;21;5266;35;;;5268;14;5272;56;;;5267.5;-0.86083984375
39;86400;VELVETFRUIT_EXTRACT;5267;58;;;;;5273;58;;;;;5270.0;-0.103515625
39;86500;VELVETFRUIT_EXTRACT;5270;10;5268;15;5267;31;5273;46;;;;;5271.5;0.166015625
39;86600;VELVETFRUIT_EXTRACT;5266;60;;;;;5272;60;;;;;5269.0;-1.09375
39;86700;VELVETFRUIT_EXTRACT;5265;62;;;;;5270;21;5271;41;;;5267.5;-2.1162109375
39;86800;VELVETFRUIT_EXTRACT;5265;52;;;;;5270;16;5271;36;;;5267.5;-2.34033203125
39;86900;VELVETFRUIT_EXTRACT;5266;59;;;;;5272;59;;;;;5269.0;-0.994140625
39;87000;VELVETFRUIT_EXTRACT;5266;48;;;;;5271;16;5272;32;;;5268.5;-1.19873046875
39;87100;VELVETFRUIT_EXTRACT;5267;54;;;;;5273;54;;;;;5270.0;0.0771484375
39;87200;VELVETFRUIT_EXTRACT;5267;65;;;;;5272;22;5273;43;;;5269.5;-0.2216796875
39;87300;VELVETFRUIT_EXTRACT;5268;60;;;;;5273;19;5274;41;;;5270.5;0.66259765625
39;87400;VELVETFRUIT_EXTRACT;5268;16;5267;45;;;5273;16;5274;45;;;5270.5;0.62548828125
39;87500;VELVETFRUIT_EXTRACT;5268;65;;;;;5273;19;5274;46;;;5270.5;0.68212890625
39;87600;VELVETFRUIT_EXTRACT;5268;61;;;;;5273;19;5274;42;;;5270.5;0.89013671875
39;87700;VELVETFRUIT_EXTRACT;5268;15;5267;39;;;5273;54;;;;;5270.5;0.3525390625
39;87800;VELVETFRUIT_EXTRACT;5268;23;5267;45;;;5273;68;;;;;5270.5;0.2021484375
39;87900;VELVETFRUIT_EXTRACT;5271;6;5268;67;;;5274;67;;;;;5272.5;1.03515625
39;88000;VELVETFRUIT_EXTRACT;5268;25;5267;41;;;5273;66;;;;;5270.5;0.29296875
39;88100;VELVETFRUIT_EXTRACT;5266;56;;;;;5272;56;;;;;5269.0;-1.0458984375
39;88200;VELVETFRUIT_EXTRACT;5266;52;;;;;5271;15;5272;37;;;5268.5;-1.12451171875
39;88300;VELVETFRUIT_EXTRACT;5265;65;;;;;5271;65;;;;;5268.0;-2.03076171875
39;88400;VELVETFRUIT_EXTRACT;5265;56;;;;;5271;56;;;;;5268.0;-1.9130859375
39;88500;VELVETFRUIT_EXTRACT;5267;23;5266;41;;;5272;64;;;;;5269.5;-0.63916015625
39;88600;VELVETFRUIT_EXTRACT;5267;67;;;;;5272;22;5273;45;;;5269.5;-0.1806640625
39;88700;VELVETFRUIT_EXTRACT;5267;66;;;;;5269;8;5272;18;5273;48;5268.0;-0.228515625
39;88800;VELVETFRUIT_EXTRACT;5267;49;;;;;5272;16;5273;33;;;5269.5;-0.20166015625
39;88900;VELVETFRUIT_EXTRACT;5268;23;5267;31;;;5273;23;5274;31;;;5270.5;0.60791015625
39;89000;VELVETFRUIT_EXTRACT;5269;14;5267;19;5266;34;5272;53;;;;;5270.5;-0.8046875
39;89100;VELVETFRUIT_EXTRACT;5266;24;5265;40;;;5271;64;;;;;5268.5;-1.63623046875
39;89200;VELVETFRUIT_EXTRACT;5267;50;;;;;5273;50;;;;;5270.0;-0.08544921875
39;89300;VELVETFRUIT_EXTRACT;5267;25;5266;40;;;5272;25;5273;40;;;5269.5;-0.55224609375
39;89400;VELVETFRUIT_EXTRACT;5267;25;5266;44;;;5272;25;5273;44;;;5269.5;-0.57177734375
39;89500;VELVETFRUIT_EXTRACT;5266;62;;;;;5271;16;5272;46;;;5268.5;-1.115234375
39;89600;VELVETFRUIT_EXTRACT;5266;19;5265;37;;;5271;56;;;;;5268.5;-1.76611328125
39;89700;VELVETFRUIT_EXTRACT;5264;66;;;;;5269;20;5270;46;;;5266.5;-3.32666015625
39;89800;VELVETFRUIT_EXTRACT;5265;23;5264;41;;;5270;23;5271;41;;;5267.5;-2.4228515625
39;89900;VELVETFRUIT_EXTRACT;5266;17;5265;33;;;5271;50;;;;;5268.5;-1.68212890625
39;90000;VELVETFRUIT_EXTRACT;5266;63;;;;;5271;17;5272;46;;;5268.5;-1.365234375
39;90100;VELVETFRUIT_EXTRACT;5268;8;5266;16;5265;49;5271;65;;;;;5269.5;-1.70361328125
39;90200;VELVETFRUIT_EXTRACT;5266;16;5265;44;;;5271;16;5272;44;;;5268.5;-1.6279296875
39;90300;VELVETFRUIT_EXTRACT;5265;63;;;;;5271;63;;;;;5268.0;-1.8984375
39;90400;VELVETFRUIT_EXTRACT;5266;66;;;;;5272;66;;;;;5269.0;-1.0185546875
39;90500;VELVETFRUIT_EXTRACT;5266;68;;;;;5271;23;5272;45;;;5268.5;-1.306640625
39;90600;VELVETFRUIT_EXTRACT;5265;51;;;;;5270;17;5271;34;;;5267.5;-2.36474609375
39;90700;VELVETFRUIT_EXTRACT;5265;20;5264;34;;;5270;54;;;;;5267.5;-2.7216796875
39;90800;VELVETFRUIT_EXTRACT;5263;54;;;;;5268;20;5269;34;;;5265.5;-4.27685546875
39;90900;VELVETFRUIT_EXTRACT;5264;22;5263;37;;;5269;59;;;;;5266.5;-3.74755859375
39;91000;VELVETFRUIT_EXTRACT;5262;49;;;;;5268;49;;;;;5265.0;-4.98779296875
39;91100;VELVETFRUIT_EXTRACT;5263;15;5262;30;;;5268;45;;;;;5265.5;-4.8232421875
39;91200;VELVETFRUIT_EXTRACT;5263;21;5262;32;;;5268;53;;;;;5265.5;-4.82763671875
39;91300;VELVETFRUIT_EXTRACT;5264;17;5263;48;;;5269;17;5270;48;;;5266.5;-3.36767578125
39;91400;VELVETFRUIT_EXTRACT;5266;19;5265;39;;;5271;58;;;;;5268.5;-1.73388671875
39;91500;VELVETFRUIT_EXTRACT;5265;16;5264;39;;;5270;16;5271;39;;;5267.5;-2.5634765625
39;91600;VELVETFRUIT_EXTRACT;5265;57;;;;;5271;57;;;;;5268.0;-2.03564453125
39;91700;VELVETFRUIT_EXTRACT;5264;23;5263;47;;;5269;23;5270;47;;;5266.5;-3.380859375
39;91800;VELVETFRUIT_EXTRACT;5264;55;;;;;5269;23;5270;32;;;5266.5;-3.25146484375
39;91900;VELVETFRUIT_EXTRACT;5263;59;;;;;5269;59;;;;;5266.0;-3.9013671875
39;92000;VELVETFRUIT_EXTRACT;5266;51;;;;;5271;20;5272;31;;;5268.5;-1.35791015625
39;92100;VELVETFRUIT_EXTRACT;5265;23;5264;41;;;5270;64;;;;;5267.5;-2.81201171875
39;92200;VELVETFRUIT_EXTRACT;5266;15;5265;46;;;5271;61;;;;;5268.5;-1.87646484375
39;92300;VELVETFRUIT_EXTRACT;5264;60;;;;;5270;60;;;;;5267.0;-2.93017578125
39;92400;VELVETFRUIT_EXTRACT;5265;19;5264;44;;;5270;63;;;;;5267.5;-2.8828125
39;92500;VELVETFRUIT_EXTRACT;5265;56;;;;;5270;19;5271;37;;;5267.5;-2.28564453125
39;92600;VELVETFRUIT_EXTRACT;5266;20;5265;31;;;5271;51;;;;;5268.5;-1.82275390625
39;92700;VELVETFRUIT_EXTRACT;5266;23;5265;30;;;5271;23;5272;30;;;5268.5;-1.3974609375
39;92800;VELVETFRUIT_EXTRACT;5267;67;;;;;5273;67;;;;;5270.0;-0.0537109375
39;92900;VELVETFRUIT_EXTRACT;5268;61;;;;;5273;24;5274;37;;;5270.5;0.67626953125
39;93000;VELVETFRUIT_EXTRACT;5268;69;;;;;5273;20;5274;49;;;5270.5;0.86669921875
39;93100;VELVETFRUIT_EXTRACT;5268;61;;;;;5274;61;;;;;5271.0;0.9326171875
39;93200;VELVETFRUIT_EXTRACT;5267;25;5266;33;;;5272;25;5273;33;;;5269.5;-0.46826171875
39;93300;VELVETFRUIT_EXTRACT;5266;62;;;;;5272;62;;;;;5269.0;-1.0390625
39;93400;VELVETFRUIT_EXTRACT;5266;19;5265;39;;;5271;58;;;;;5268.5;-1.892578125
39;93500;VELVETFRUIT_EXTRACT;5266;63;;;;;5271;17;5272;46;;;5268.5;-1.3251953125
39;93600;VELVETFRUIT_EXTRACT;5265;63;;;;;5270;25;5271;38;;;5267.5;-2.26318359375
39;93700;VELVETFRUIT_EXTRACT;5265;19;5264;41;;;5270;19;5271;41;;;5267.5;-2.55322265625
39;93800;VELVETFRUIT_EXTRACT;5267;58;;;;;5272;25;5273;33;;;5269.5;-0.1953125
39;93900;VELVETFRUIT_EXTRACT;5268;71;;;;;5274;71;;;;;5271.0;1.05712890625
39;94000;VELVETFRUIT_EXTRACT;5267;51;;;;;5273;51;;;;;5270.0;-0.0927734375
39;94100;VELVETFRUIT_EXTRACT;5266;20;5265;46;;;5268;5;5271;66;;;5267.0;-1.734375
39;94200;VELVETFRUIT_EXTRACT;5266;17;5265;36;;;5271;17;5272;36;;;5268.5;-1.60009765625
39;94300;VELVETFRUIT_EXTRACT;5266;17;5265;50;;;5271;17;5272;50;;;5268.5;-1.3720703125
39;94400;VELVETFRUIT_EXTRACT;5265;66;;;;;5270;19;5271;47;;;5267.5;-2.14794921875
39;94500;VELVETFRUIT_EXTRACT;5265;64;;;;;5267;9;5271;64;;;5266.0;-2.013671875
39;94600;VELVETFRUIT_EXTRACT;5265;17;5264;43;;;5270;60;;;;;5267.5;-2.796875
39;94700;VELVETFRUIT_EXTRACT;5263;63;;;;;5268;20;5269;43;;;5265.5;-4.36083984375
39;94800;VELVETFRUIT_EXTRACT;5262;19;5261;33;;;5267;52;;;;;5264.5;-5.759765625
39;94900;VELVETFRUIT_EXTRACT;5262;20;5261;32;;;5264;10;5267;20;5268;32;5263.0;-5.50390625
39;95000;VELVETFRUIT_EXTRACT;5262;18;5261;40;;;5267;18;5268;40;;;5264.5;-5.46435546875
39;95100;VELVETFRUIT_EXTRACT;5262;62;;;;;5267;22;5268;40;;;5264.5;-5.12353515625
39;95200;VELVETFRUIT_EXTRACT;5259;67;;;;;5265;67;;;;;5262.0;-8.04541015625
39;95300;VELVETFRUIT_EXTRACT;5258;63;;;;;5264;63;;;;;5261.0;-8.9970703125
39;95400;VELVETFRUIT_EXTRACT;5259;59;;;;;5265;59;;;;;5262.0;-8.08935546875
39;95500;VELVETFRUIT_EXTRACT;5260;24;5259;42;;;5265;24;5266;42;;;5262.5;-7.55908203125
39;95600;VELVETFRUIT_EXTRACT;5260;71;;;;;5262;9;5265;21;5266;50;5261.0;-7.3427734375
39;95700;VELVETFRUIT_EXTRACT;5260;65;;;;;5265;19;5266;46;;;5262.5;-7.34814453125
39;95800;VELVETFRUIT_EXTRACT;5259;21;5258;35;;;5264;21;5265;35;;;5261.5;-8.41845703125
39;95900;VELVETFRUIT_EXTRACT;5259;60;;;;;5264;15;5265;45;;;5261.5;-8.30615234375
39;96000;VELVETFRUIT_EXTRACT;5259;24;5258;34;;;5264;24;5265;34;;;5261.5;-8.5087890625
39;96100;VELVETFRUIT_EXTRACT;5259;60;;;;;5265;60;;;;;5262.0;-8.0966796875
39;96200;VELVETFRUIT_EXTRACT;5261;21;5260;42;;;5266;21;5267;42;;;5263.5;-6.615234375
39;96300;VELVETFRUIT_EXTRACT;5262;66;;;;;5267;23;5268;43;;;5264.5;-5.357421875
39;96400;VELVETFRUIT_EXTRACT;5263;68;;;;;5268;20;5269;48;;;5265.5;-4.15966796875
39;96500;VELVETFRUIT_EXTRACT;5262;16;5261;50;;;5267;66;;;;;5264.5;-5.65625
39;96600;VELVETFRUIT_EXTRACT;5260;64;;;;;5266;64;;;;;5263.0;-7.04541015625
39;96700;VELVETFRUIT_EXTRACT;5261;70;;;;;5266;25;5267;45;;;5263.5;-6.328125
39;96800;VELVETFRUIT_EXTRACT;5260;58;;;;;5266;58;;;;;5263.0;-6.95263671875
39;96900;VELVETFRUIT_EXTRACT;5262;21;5261;37;;;5267;58;;;;;5264.5;-5.71044921875
39;97000;VELVETFRUIT_EXTRACT;5261;17;5260;42;;;5266;17;5267;42;;;5263.5;-6.45751953125
39;97100;VELVETFRUIT_EXTRACT;5260;15;5259;50;;;5265;15;5266;50;;;5262.5;-7.61962890625
39;97200;VELVETFRUIT_EXTRACT;5260;17;5259;33;;;5265;17;5266;33;;;5262.5;-7.54150390625
39;97300;VELVETFRUIT_EXTRACT;5259;21;5258;34;;;5264;21;5265;34;;;5261.5;-8.58740234375
39;97400;VELVETFRUIT_EXTRACT;5258;57;;;;;5263;22;5264;35;;;5260.5;-9.2900390625
39;97500;VELVETFRUIT_EXTRACT;5259;21;5258;42;;;5264;21;5265;42;;;5261.5;-8.45654296875
39;97600;VELVETFRUIT_EXTRACT;5259;21;5258;43;;;5264;21;5265;43;;;5261.5;-8.37060546875
39;97700;VELVETFRUIT_EXTRACT;5259;16;5258;43;;;5264;59;;;;;5261.5;-8.73779296875
39;97800;VELVETFRUIT_EXTRACT;5258;61;;;;;5264;61;;;;;5261.0;-8.9990234375
39;97900;VELVETFRUIT_EXTRACT;5259;23;5258;40;;;5264;63;;;;;5261.5;-8.68115234375
39;98000;VELVETFRUIT_EXTRACT;5260;20;5259;48;;;5265;20;5266;48;;;5262.5;-7.51025390625
39;98100;VELVETFRUIT_EXTRACT;5262;19;5261;41;;;5267;19;5268;41;;;5264.5;-5.56103515625
39;98200;VELVETFRUIT_EXTRACT;5263;61;;;;;5268;17;5269;44;;;5265.5;-4.22509765625
39;98300;VELVETFRUIT_EXTRACT;5263;25;5262;35;;;5268;25;5269;35;;;5265.5;-4.41015625
39;98400;VELVETFRUIT_EXTRACT;5262;17;5261;35;;;5267;17;5268;35;;;5264.5;-5.55029296875
39;98500;VELVETFRUIT_EXTRACT;5262;18;5261;33;;;5267;18;5268;33;;;5264.5;-5.58984375
39;98600;VELVETFRUIT_EXTRACT;5263;62;;;;;5268;23;5269;39;;;5265.5;-4.13671875
39;98700;VELVETFRUIT_EXTRACT;5262;61;;;;;5268;61;;;;;5265.0;-5.09375
39;98800;VELVETFRUIT_EXTRACT;5262;19;5261;39;;;5267;19;5268;39;;;5264.5;-5.611328125
39;98900;VELVETFRUIT_EXTRACT;5262;64;;;;;5267;22;5268;42;;;5264.5;-5.18994140625
39;99000;VELVETFRUIT_EXTRACT;5263;19;5262;30;;;5268;49;;;;;5265.5;-4.775390625
39;99100;VELVETFRUIT_EXTRACT;5262;24;5261;39;;;5267;63;;;;;5264.5;-5.8515625
39;99200;VELVETFRUIT_EXTRACT;5261;60;;;;;5267;60;;;;;5264.0;-5.9599609375
39;99300;VELVETFRUIT_EXTRACT;5261;25;5260;30;;;5262;8;5266;55;;;5261.5;-6.703125
39;99400;VELVETFRUIT_EXTRACT;5262;17;5261;30;;;5267;17;5268;30;;;5264.5;-5.4091796875
39;99500;VELVETFRUIT_EXTRACT;5261;56;;;;;5267;56;;;;;5264.0;-6.044921875
39;99600;VELVETFRUIT_EXTRACT;5261;51;;;;;5266;16;5267;35;;;5263.5;-6.265625
39;99700;VELVETFRUIT_EXTRACT;5260;67;;;;;5265;21;5266;46;;;5262.5;-7.224609375
39;99800;VELVETFRUIT_EXTRACT;5261;63;;;;;5267;63;;;;;5264.0;-6.0751953125
39;99900;VELVETFRUIT_EXTRACT;5261;66;;;;;5267;66;;;;;5264.0;-5.9228515625
