day;timestamp;product;bid_price_1;bid_volume_1;bid_price_2;bid_volume_2;bid_price_3;bid_volume_3;ask_price_1;ask_volume_1;ask_price_2;ask_volume_2;ask_price_3;ask_volume_3;mid_price;profit_and_loss
39;0;VEV_5000;267;7;266;14;;;273;7;274;14;;;270.0;0.0
39;100;VEV_5000;265;24;;;;;272;24;;;;;268.5;-4.410064697265625
39;200;VEV_5000;266;8;265;15;;;272;8;273;15;;;269.0;-4.225372314453125
39;300;VEV_5000;266;9;265;17;;;272;9;273;17;;;269.0;-3.83258056640625
39;400;VEV_5000;265;8;264;14;;;271;8;272;14;;;268.0;-5.294586181640625
39;500;VEV_5000;263;7;262;16;;;269;7;270;16;;;266.0;-6.7403564453125
39;600;VEV_5000;265;5;262;9;261;14;268;9;269;14;;;266.5;-7.94091796875
39;700;VEV_5000;262;22;;;;;269;22;;;;;265.5;-7.377532958984375
39;800;VEV_5000;263;9;262;13;;;269;9;270;13;;;266.0;-7.14678955078125
39;900;VEV_5000;263;6;262;19;;;269;6;270;19;;;266.0;-7.076873779296875
39;1000;VEV_5000;263;12;262;12;;;269;12;270;12;;;266.0;-7.1513671875
39;1100;VEV_5000;264;8;263;15;;;270;8;271;15;;;267.0;-6.2523193359375
39;1200;VEV_5000;262;24;;;;;269;24;;;;;265.5;-7.574371337890625
39;1300;VEV_5000;262;6;261;15;;;268;6;269;15;;;265.0;-7.825042724609375
39;1400;VEV_5000;264;12;263;14;;;270;12;271;14;;;267.0;-5.94091796875
39;1500;VEV_5000;265;10;264;23;;;271;10;272;23;;;268.0;-5.27490234375
39;1600;VEV_5000;265;7;264;13;;;271;7;272;13;;;268.0;-5.30889892578125
39;1700;VEV_5000;266;6;265;13;;;272;6;273;13;;;269.0;-4.078857421875
39;1800;VEV_5000;265;27;;;;;272;6;273;21;;;268.5;-4.318023681640625
39;1900;VEV_5000;266;11;265;14;;;272;11;273;14;;;269.0;-3.72064208984375
39;2000;VEV_5000;268;9;267;14;;;274;9;275;14;;;271.0;-2.023406982421875
39;2100;VEV_5000;269;9;268;13;;;275;9;276;13;;;272.0;-0.887603759765625
39;2200;VEV_5000;268;6;267;12;;;274;6;275;12;;;271.0;-1.949249267578125
39;2300;VEV_5000;269;10;268;15;;;275;10;276;15;;;272.0;-1.251251220703125
39;2400;VEV_5000;270;7;269;13;;;276;7;277;13;;;273.0;-0.0291748046875
39;2500;VEV_5000;272;10;271;13;;;278;10;279;13;;;275.0;1.8701171875
39;2600;VEV_5000;272;9;271;13;;;279;22;;;;;275.5;2.290740966796875
39;2700;VEV_5000;271;22;;;;;278;8;279;14;;;274.5;1.670806884765625
39;2800;VEV_5000;271;8;270;14;;;277;8;278;14;;;274.0;1.128997802734375
39;2900;VEV_5000;269;7;268;17;;;275;7;276;17;;;272.0;-0.80621337890625
39;3000;VEV_5000;270;9;269;13;;;276;9;277;13;;;273.0;0.16046142578125
39;3100;VEV_5000;272;11;271;16;;;278;11;279;16;;;275.0;1.92486572265625
39;3200;VEV_5000;272;30;;;;;279;30;;;;;275.5;2.550689697265625
39;3300;VEV_5000;273;6;272;12;;;280;18;;;;;276.5;3.24603271484375
39;3400;VEV_5000;274;10;273;24;;;280;10;281;24;;;277.0;4.064300537109375
39;3500;VEV_5000;273;12;272;21;;;279;12;280;21;;;276.0;2.907623291015625
39;3600;VEV_5000;273;27;;;;;280;12;281;15;;;276.5;3.64154052734375
39;3700;VEV_5000;273;9;272;13;;;279;9;280;13;;;276.0;3.022064208984375
39;3800;VEV_5000;273;30;;;;;280;30;;;;;276.5;3.467376708984375
39;3900;VEV_5000;273;22;;;;;280;22;;;;;276.5;3.508148193359375
39;4000;VEV_5000;272;22;;;;;279;22;;;;;275.5;2.47137451171875
39;4100;VEV_5000;273;10;272;22;;;280;32;;;;;276.5;3.32464599609375
39;4200;VEV_5000;274;7;273;13;;;280;7;281;13;;;277.0;4.0130615234375
39;4300;VEV_5000;274;9;273;21;;;280;9;281;21;;;277.0;3.965057373046875
39;4400;VEV_5000;272;12;271;20;;;278;12;279;20;;;275.0;2.027984619140625
39;4500;VEV_5000;272;7;271;13;;;278;7;279;13;;;275.0;1.887420654296875
39;4600;VEV_5000;270;24;;;;;277;24;;;;;273.5;0.557098388671875
39;4700;VEV_5000;270;29;;;;;277;11;278;18;;;273.5;0.683807373046875
39;4800;VEV_5000;270;11;269;15;;;277;26;;;;;273.5;0.411895751953125
39;4900;VEV_5000;272;29;;;;;279;29;;;;;275.5;2.528900146484375
39;5000;VEV_5000;272;32;;;;;279;9;280;23;;;275.5;2.721832275390625
39;5100;VEV_5000;272;25;;;;;279;9;280;16;;;275.5;2.614898681640625
39;5200;VEV_5000;272;36;;;;;279;12;280;24;;;275.5;2.6361083984375
39;5300;VEV_5000;273;11;272;18;;;279;11;280;18;;;276.0;3.08917236328125
39;5400;VEV_5000;272;28;;;;;279;10;280;18;;;275.5;2.639617919921875
39;5500;VEV_5000;275;7;274;21;;;282;28;;;;;278.5;5.332000732421875
39;5600;VEV_5000;275;21;;;;;282;9;283;12;;;278.5;5.60675048828125
39;5700;VEV_5000;275;25;;;;;282;25;;;;;278.5;5.485565185546875
39;5800;VEV_5000;274;11;273;13;;;280;11;281;13;;;277.0;4.080474853515625
39;5900;VEV_5000;274;7;273;13;;;281;20;;;;;277.5;4.39324951171875
39;6000;VEV_5000;275;11;274;16;;;281;11;282;16;;;278.0;4.940216064453125
39;6100;VEV_5000;274;27;;;;;281;8;282;19;;;277.5;4.5767822265625
39;6200;VEV_5000;275;12;274;12;;;281;12;282;12;;;278.0;4.896942138671875
39;6300;VEV_5000;274;8;273;13;;;280;8;281;13;;;277.0;4.135101318359375
39;6400;VEV_5000;273;11;272;15;;;280;26;;;;;276.5;3.32421875
39;6500;VEV_5000;273;7;272;15;;;279;7;280;15;;;276.0;3.0570068359375
39;6600;VEV_5000;272;24;;;;;279;10;280;14;;;275.5;2.618499755859375
39;6700;VEV_5000;272;9;271;20;;;278;9;279;20;;;275.0;2.019317626953125
39;6800;VEV_5000;272;8;271;24;;;278;8;279;24;;;275.0;2.12359619140625
39;6900;VEV_5000;273;8;272;16;;;279;8;280;16;;;276.0;3.034210205078125
39;7000;VEV_5000;271;23;;;;;278;9;279;14;;;274.5;1.681915283203125
39;7100;VEV_5000;270;7;269;22;;;276;7;277;22;;;273.0;0.223724365234375
39;7200;VEV_5000;270;19;;;;;277;19;;;;;273.5;0.433990478515625
39;7300;VEV_5000;270;33;;;;;277;11;278;22;;;273.5;0.703948974609375
39;7400;VEV_5000;272;7;271;22;;;279;29;;;;;275.5;2.3734130859375
39;7500;VEV_5000;273;30;;;;;280;8;281;22;;;276.5;3.563873291015625
39;7600;VEV_5000;272;12;271;12;;;278;12;279;12;;;275.0;1.785888671875
39;7700;VEV_5000;272;28;;;;;279;11;280;17;;;275.5;2.607513427734375
39;7800;VEV_5000;273;2;270;35;;;277;12;278;23;;;275.0;0.65118408203125
39;7900;VEV_5000;271;9;270;16;;;278;25;;;;;274.5;1.386199951171875
39;8000;VEV_5000;270;34;;;;;277;34;;;;;273.5;0.486785888671875
39;8100;VEV_5000;270;10;269;17;;;276;10;277;17;;;273.0;0.13458251953125
39;8200;VEV_5000;270;10;269;21;;;276;10;277;21;;;273.0;-0.269195556640625
39;8300;VEV_5000;269;6;268;23;;;276;29;;;;;272.5;-0.656829833984375
39;8400;VEV_5000;271;8;270;23;;;277;8;278;23;;;274.0;0.755828857421875
39;8500;VEV_5000;270;12;269;24;;;277;36;;;;;273.5;0.378173828125
39;8600;VEV_5000;270;27;;;;;277;27;;;;;273.5;0.42510986328125
39;8700;VEV_5000;268;26;;;;;275;26;;;;;271.5;-1.531890869140625
39;8800;VEV_5000;267;29;;;;;274;8;275;21;;;270.5;-2.3182373046875
39;8900;VEV_5000;267;22;;;;;274;22;;;;;270.5;-2.523468017578125
39;9000;VEV_5000;267;11;266;14;;;273;11;274;14;;;270.0;-3.00396728515625
39;9100;VEV_5000;266;21;;;;;273;21;;;;;269.5;-3.44171142578125
39;9200;VEV_5000;266;12;265;24;;;272;12;273;24;;;269.0;-3.995452880859375
39;9300;VEV_5000;265;27;;;;;272;27;;;;;268.5;-4.634521484375
39;9400;VEV_5000;264;12;263;15;;;270;12;271;15;;;267.0;-5.8277587890625
39;9500;VEV_5000;263;9;262;13;;;269;9;270;13;;;266.0;-6.774993896484375
39;9600;VEV_5000;263;9;262;22;;;269;9;270;22;;;266.0;-7.174407958984375
39;9700;VEV_5000;262;25;;;;;269;25;;;;;265.5;-7.469451904296875
39;9800;VEV_5000;262;30;;;;;269;30;;;;;265.5;-7.499237060546875
39;9900;VEV_5000;262;8;261;14;;;268;8;269;14;;;265.0;-7.91021728515625
39;10000;VEV_5000;263;8;262;13;;;269;8;270;13;;;266.0;-7.115753173828125
39;10100;VEV_5000;263;9;262;13;;;269;9;270;13;;;266.0;-7.006927490234375
39;10200;VEV_5000;262;11;261;16;;;268;11;269;16;;;265.0;-7.859130859375
39;10300;VEV_5000;261;11;260;22;;;267;11;268;22;;;264.0;-9.09686279296875
39;10400;VEV_5000;262;6;261;21;;;268;6;269;21;;;265.0;-7.929473876953125
39;10500;VEV_5000;261;34;;;;;268;34;;;;;264.5;-8.555450439453125
39;10600;VEV_5000;261;10;260;20;;;267;10;268;20;;;264.0;-8.838104248046875
39;10700;VEV_5000;262;22;;;;;269;22;;;;;265.5;-7.47467041015625
39;10800;VEV_5000;261;9;260;13;;;267;9;268;13;;;264.0;-8.867340087890625
39;10900;VEV_5000;261;28;;;;;268;28;;;;;264.5;-8.41387939453125
39;11000;VEV_5000;263;12;262;22;;;269;12;270;22;;;266.0;-7.2366943359375
39;11100;VEV_5000;264;11;263;19;;;270;11;271;19;;;267.0;-6.077362060546875
39;11200;VEV_5000;264;27;;;;;271;27;;;;;267.5;-5.362762451171875
39;11300;VEV_5000;265;9;264;14;;;271;9;272;14;;;268.0;-4.91925048828125
39;11400;VEV_5000;267;9;266;15;;;273;9;274;15;;;270.0;-3.2547607421875
39;11500;VEV_5000;267;11;266;15;;;273;11;274;15;;;270.0;-2.8604736328125
39;11600;VEV_5000;266;12;265;21;;;273;33;;;;;269.5;-3.648681640625
39;11700;VEV_5000;267;7;266;12;;;273;7;274;12;;;270.0;-3.222320556640625
39;11800;VEV_5000;266;12;265;21;;;272;12;273;21;;;269.0;-4.23516845703125
39;11900;VEV_5000;267;9;266;19;;;274;28;;;;;270.5;-2.667327880859375
39;12000;VEV_5000;268;6;267;12;;;275;18;;;;;271.5;-1.627593994140625
39;12100;VEV_5000;268;23;;;;;275;23;;;;;271.5;-1.52398681640625
39;12200;VEV_5000;268;11;267;12;;;274;11;275;12;;;271.0;-1.78472900390625
39;12300;VEV_5000;268;12;267;20;;;274;12;275;20;;;271.0;-1.75054931640625
39;12400;VEV_5000;267;6;266;17;;;273;6;274;17;;;270.0;-3.265167236328125
39;12500;VEV_5000;267;8;266;16;;;273;8;274;16;;;270.0;-2.93963623046875
39;12600;VEV_5000;267;11;266;21;;;273;11;274;21;;;270.0;-3.27178955078125
39;12700;VEV_5000;266;30;;;;;273;30;;;;;269.5;-3.601715087890625
39;12800;VEV_5000;265;36;;;;;272;12;273;24;;;268.5;-4.345001220703125
39;12900;VEV_5000;266;12;265;20;;;272;12;273;20;;;269.0;-3.812591552734375
39;13000;VEV_5000;265;24;;;;;272;24;;;;;268.5;-4.58990478515625
39;13100;VEV_5000;266;8;265;15;;;268;3;272;8;273;15;267.0;-4.138763427734375
39;13200;VEV_5000;267;11;266;17;;;273;11;274;17;;;270.0;-2.950958251953125
39;13300;VEV_5000;267;30;;;;;274;8;275;22;;;270.5;-2.3822021484375
39;13400;VEV_5000;267;12;266;20;;;273;12;274;20;;;270.0;-3.172088623046875
39;13500;VEV_5000;265;6;264;19;;;271;6;272;19;;;268.0;-4.9613037109375
39;13600;VEV_5000;265;23;;;;;272;23;;;;;268.5;-4.507720947265625
39;13700;VEV_5000;265;10;264;22;;;271;10;272;22;;;268.0;-4.836181640625
39;13800;VEV_5000;266;6;265;18;;;272;6;273;18;;;269.0;-4.274200439453125
39;13900;VEV_5000;266;30;;;;;273;30;;;;;269.5;-3.459747314453125
39;14000;VEV_5000;266;8;265;22;;;272;8;273;22;;;269.0;-3.81610107421875
39;14100;VEV_5000;266;36;;;;;273;36;;;;;269.5;-3.39251708984375
39;14200;VEV_5000;266;7;265;12;;;273;19;;;;;269.5;-3.637481689453125
39;14300;VEV_5000;267;7;266;13;;;274;20;;;;;270.5;-2.645416259765625
39;14400;VEV_5000;266;30;;;;;273;30;;;;;269.5;-3.501708984375
39;14500;VEV_5000;265;28;;;;;272;28;;;;;268.5;-4.481353759765625
39;14600;VEV_5000;264;11;263;14;;;270;11;271;14;;;267.0;-5.97479248046875
39;14700;VEV_5000;266;10;265;18;;;272;10;273;18;;;269.0;-3.758026123046875
39;14800;VEV_5000;267;10;266;21;;;273;10;274;21;;;270.0;-3.0955810546875
39;14900;VEV_5000;266;23;;;;;273;23;;;;;269.5;-3.588836669921875
39;15000;VEV_5000;266;27;;;;;273;27;;;;;269.5;-3.610595703125
39;15100;VEV_5000;268;10;267;16;;;274;10;275;16;;;271.0;-1.96575927734375
39;15200;VEV_5000;268;7;267;17;;;275;24;;;;;271.5;-1.61181640625
39;15300;VEV_5000;269;9;268;14;;;275;9;276;14;;;272.0;-1.15618896484375
39;15400;VEV_5000;268;6;267;16;;;274;6;275;16;;;271.0;-1.839996337890625
39;15500;VEV_5000;268;6;267;20;;;274;6;275;20;;;271.0;-1.97906494140625
39;15600;VEV_5000;270;7;269;13;;;276;7;277;13;;;273.0;0.18280029296875
39;15700;VEV_5000;270;6;269;18;;;276;6;277;18;;;273.0;-0.250457763671875
39;15800;VEV_5000;269;20;;;;;276;20;;;;;272.5;-0.48248291015625
39;15900;VEV_5000;270;26;;;;;277;26;;;;;273.5;0.47576904296875
39;16000;VEV_5000;270;21;;;;;277;9;278;12;;;273.5;0.618377685546875
39;16100;VEV_5000;271;11;270;20;;;277;11;278;20;;;274.0;1.127777099609375
39;16200;VEV_5000;271;12;270;22;;;277;12;278;22;;;274.0;0.849151611328125
39;16300;VEV_5000;272;12;271;16;;;278;12;279;16;;;275.0;1.850189208984375
39;16400;VEV_5000;272;22;;;;;279;9;280;13;;;275.5;2.728912353515625
39;16500;VEV_5000;272;8;271;17;;;278;8;279;17;;;275.0;1.97308349609375
39;16600;VEV_5000;273;10;272;14;;;279;10;280;14;;;276.0;2.842254638671875
39;16700;VEV_5000;272;34;;;;;279;11;280;23;;;275.5;2.747955322265625
39;16800;VEV_5000;273;10;272;15;;;279;10;280;15;;;276.0;2.789215087890625
39;16900;VEV_5000;273;10;272;18;;;279;10;280;18;;;276.0;3.146575927734375
39;17000;VEV_5000;273;8;272;13;;;280;21;;;;;276.5;3.28631591796875
39;17100;VEV_5000;273;10;272;14;;;279;10;280;14;;;276.0;3.22662353515625
39;17200;VEV_5000;274;8;273;18;;;281;26;;;;;277.5;4.343597412109375
39;17300;VEV_5000;275;9;274;13;;;281;9;282;13;;;278.0;5.01116943359375
39;17400;VEV_5000;276;11;275;15;;;282;11;283;15;;;279.0;5.944000244140625
39;17500;VEV_5000;276;12;275;15;;;282;12;283;15;;;279.0;5.811187744140625
39;17600;VEV_5000;275;10;274;13;;;281;10;282;13;;;278.0;4.8753662109375
39;17700;VEV_5000;273;8;272;18;;;280;26;;;;;276.5;3.28192138671875
39;17800;VEV_5000;273;11;272;15;;;279;11;280;15;;;276.0;3.052276611328125
39;17900;VEV_5000;273;12;272;20;;;280;32;;;;;276.5;3.246734619140625
39;18000;VEV_5000;275;8;274;23;;;281;8;282;23;;;278.0;4.84637451171875
39;18100;VEV_5000;274;11;273;20;;;281;31;;;;;277.5;4.261749267578125
39;18200;VEV_5000;274;12;273;16;;;281;28;;;;;277.5;4.416656494140625
39;18300;VEV_5000;274;9;273;16;;;281;25;;;;;277.5;4.398651123046875
39;18400;VEV_5000;273;7;272;16;;;279;7;280;16;;;276.0;2.960693359375
39;18500;VEV_5000;273;8;272;20;;;280;28;;;;;276.5;3.378173828125
39;18600;VEV_5000;271;12;270;21;;;277;12;278;21;;;274.0;1.113189697265625
39;18700;VEV_5000;271;7;270;23;;;277;7;278;23;;;274.0;1.017608642578125
39;18800;VEV_5000;270;9;269;12;;;276;9;277;12;;;273.0;0.180511474609375
39;18900;VEV_5000;271;10;270;24;;;277;10;278;24;;;274.0;0.88470458984375
39;19000;VEV_5000;269;27;;;;;276;10;277;17;;;272.5;-0.3245849609375
39;19100;VEV_5000;272;2;269;8;268;17;275;8;276;17;;;273.5;-0.948760986328125
39;19200;VEV_5000;269;27;;;;;276;27;;;;;272.5;-0.58648681640625
39;19300;VEV_5000;270;12;269;23;;;276;12;277;23;;;273.0;-0.240386962890625
39;19400;VEV_5000;269;11;268;24;;;275;11;276;24;;;272.0;-0.8924560546875
39;19500;VEV_5000;268;22;;;;;275;9;276;13;;;271.5;-1.287872314453125
39;19600;VEV_5000;269;7;268;13;;;275;7;276;13;;;272.0;-1.097564697265625
39;19700;VEV_5000;267;9;266;13;;;274;22;;;;;270.5;-2.632476806640625
39;19800;VEV_5000;267;8;266;18;;;273;8;274;18;;;270.0;-3.268585205078125
39;19900;VEV_5000;269;10;268;15;;;275;10;276;15;;;272.0;-1.234832763671875
39;20000;VEV_5000;269;29;;;;;276;29;;;;;272.5;-0.4808349609375
39;20100;VEV_5000;268;33;;;;;275;33;;;;;271.5;-1.5250244140625
39;20200;VEV_5000;269;7;268;19;;;275;7;276;19;;;272.0;-0.8851318359375
39;20300;VEV_5000;268;10;267;13;;;275;23;;;;;271.5;-1.6534423828125
39;20400;VEV_5000;269;9;268;21;;;275;9;276;21;;;272.0;-0.8480224609375
39;20500;VEV_5000;268;12;267;19;;;275;31;;;;;271.5;-1.657867431640625
39;20600;VEV_5000;267;22;;;;;274;22;;;;;270.5;-2.437530517578125
39;20700;VEV_5000;268;12;267;19;;;274;12;275;19;;;271.0;-1.7349853515625
39;20800;VEV_5000;269;11;268;23;;;276;34;;;;;272.5;-0.613525390625
39;20900;VEV_5000;270;6;269;19;;;273;5;277;25;;;271.5;0.34466552734375
39;21000;VEV_5000;270;22;;;;;277;22;;;;;273.5;0.477752685546875
39;21100;VEV_5000;269;10;268;20;;;275;10;276;20;;;272.0;-1.12542724609375
39;21200;VEV_5000;269;8;268;22;;;276;30;;;;;272.5;-0.68341064453125
39;21300;VEV_5000;271;12;270;21;;;277;12;278;21;;;274.0;0.779266357421875
39;21400;VEV_5000;271;8;270;19;;;277;8;278;19;;;274.0;0.911956787109375
39;21500;VEV_5000;271;8;270;24;;;277;8;278;24;;;274.0;1.21929931640625
39;21600;VEV_5000;271;26;;;;;278;9;279;17;;;274.5;1.6302490234375
39;21700;VEV_5000;271;27;;;;;278;6;279;21;;;274.5;1.580780029296875
39;21800;VEV_5000;272;34;;;;;279;34;;;;;275.5;2.4447021484375
39;21900;VEV_5000;272;10;271;13;;;279;23;;;;;275.5;2.4195556640625
39;22000;VEV_5000;271;9;270;16;;;278;25;;;;;274.5;1.42669677734375
39;22100;VEV_5000;270;31;;;;;277;31;;;;;273.5;0.574462890625
39;22200;VEV_5000;270;12;269;23;;;276;12;277;23;;;273.0;0.089752197265625
39;22300;VEV_5000;270;9;269;14;;;276;9;277;14;;;273.0;-0.068023681640625
39;22400;VEV_5000;269;27;;;;;276;27;;;;;272.5;-0.47857666015625
39;22500;VEV_5000;269;10;268;12;;;276;22;;;;;272.5;-0.625
39;22600;VEV_5000;269;12;268;23;;;275;12;276;23;;;272.0;-0.731719970703125
39;22700;VEV_5000;268;34;;;;;275;34;;;;;271.5;-1.580596923828125
39;22800;VEV_5000;268;6;267;16;;;274;6;275;16;;;271.0;-2.11328125
39;22900;VEV_5000;268;6;267;13;;;274;6;275;13;;;271.0;-1.987213134765625
39;23000;VEV_5000;267;6;266;13;;;273;6;274;13;;;270.0;-2.888763427734375
39;23100;VEV_5000;267;11;266;13;;;273;11;274;13;;;270.0;-2.9659423828125
39;23200;VEV_5000;266;32;;;;;273;32;;;;;269.5;-3.561065673828125
39;23300;VEV_5000;265;12;264;20;;;271;12;272;20;;;268.0;-5.174530029296875
39;23400;VEV_5000;263;32;;;;;270;32;;;;;266.5;-6.58441162109375
39;23500;VEV_5000;264;8;263;16;;;267;2;270;8;271;16;265.5;-5.91741943359375
39;23600;VEV_5000;263;7;262;19;;;269;7;270;19;;;266.0;-7.103271484375
39;23700;VEV_5000;264;12;263;22;;;270;12;271;22;;;267.0;-5.91912841796875
39;23800;VEV_5000;264;6;263;24;;;270;6;271;24;;;267.0;-6.096954345703125
39;23900;VEV_5000;265;7;264;20;;;271;7;272;20;;;268.0;-4.806365966796875
39;24000;VEV_5000;265;7;264;15;;;271;7;272;15;;;268.0;-4.725616455078125
39;24100;VEV_5000;265;7;264;19;;;271;7;272;19;;;268.0;-5.266448974609375
39;24200;VEV_5000;265;8;264;20;;;272;28;;;;;268.5;-4.665069580078125
39;24300;VEV_5000;265;6;264;15;;;271;6;272;15;;;268.0;-4.87054443359375
39;24400;VEV_5000;266;12;265;21;;;272;12;273;21;;;269.0;-3.843719482421875
39;24500;VEV_5000;266;8;265;15;;;272;8;273;15;;;269.0;-3.7423095703125
39;24600;VEV_5000;268;4;265;7;264;12;271;7;272;12;;;269.5;-4.78912353515625
39;24700;VEV_5000;266;6;265;15;;;272;6;273;15;;;269.0;-4.017181396484375
39;24800;VEV_5000;266;9;265;19;;;272;9;273;19;;;269.0;-3.89239501953125
39;24900;VEV_5000;266;7;265;14;;;272;7;273;14;;;269.0;-4.0439453125
39;25000;VEV_5000;265;26;;;;;272;26;;;;;268.5;-4.571563720703125
39;25100;VEV_5000;266;11;265;14;;;272;11;273;14;;;269.0;-3.911224365234375
39;25200;VEV_5000;267;11;266;22;;;273;11;274;22;;;270.0;-2.9344482421875
39;25300;VEV_5000;265;30;;;;;272;30;;;;;268.5;-4.45489501953125
39;25400;VEV_5000;266;7;265;12;;;273;19;;;;;269.5;-3.6343994140625
39;25500;VEV_5000;266;10;265;24;;;272;10;273;24;;;269.0;-3.6943359375
39;25600;VEV_5000;267;12;266;21;;;273;12;274;21;;;270.0;-3.225616455078125
39;25700;VEV_5000;266;8;265;14;;;272;8;273;14;;;269.0;-3.800506591796875
39;25800;VEV_5000;266;11;265;12;;;272;11;273;12;;;269.0;-4.011260986328125
39;25900;VEV_5000;267;9;266;22;;;273;9;274;22;;;270.0;-3.238311767578125
39;26000;VEV_5000;268;11;267;23;;;274;11;275;23;;;271.0;-2.249359130859375
39;26100;VEV_5000;267;33;;;;;274;33;;;;;270.5;-2.600830078125
39;26200;VEV_5000;266;6;265;15;;;272;6;273;15;;;269.0;-4.18365478515625
39;26300;VEV_5000;266;7;265;14;;;272;7;273;14;;;269.0;-4.24444580078125
39;26400;VEV_5000;266;9;265;14;;;273;23;;;;;269.5;-3.635589599609375
39;26500;VEV_5000;266;25;;;;;273;25;;;;;269.5;-3.60699462890625
39;26600;VEV_5000;266;19;;;;;273;19;;;;;269.5;-3.541351318359375
39;26700;VEV_5000;267;8;266;19;;;274;27;;;;;270.5;-2.686614990234375
39;26800;VEV_5000;267;9;266;24;;;274;33;;;;;270.5;-2.65777587890625
39;26900;VEV_5000;268;8;267;23;;;274;8;275;23;;;271.0;-2.1175537109375
39;27000;VEV_5000;266;8;265;13;;;272;8;273;13;;;269.0;-3.723785400390625
39;27100;VEV_5000;266;6;265;17;;;272;6;273;17;;;269.0;-3.98602294921875
39;27200;VEV_5000;265;8;264;21;;;271;8;272;21;;;268.0;-5.212005615234375
39;27300;VEV_5000;265;6;264;13;;;272;19;;;;;268.5;-4.65167236328125
39;27400;VEV_5000;264;11;263;21;;;270;11;271;21;;;267.0;-5.883819580078125
39;27500;VEV_5000;265;8;264;21;;;271;8;272;21;;;268.0;-4.967376708984375
39;27600;VEV_5000;266;9;265;23;;;272;9;273;23;;;269.0;-4.24493408203125
39;27700;VEV_5000;266;6;265;22;;;272;6;273;22;;;269.0;-4.227325439453125
39;27800;VEV_5000;264;31;;;;;271;31;;;;;267.5;-5.445556640625
39;27900;VEV_5000;264;6;263;13;;;270;6;271;13;;;267.0;-6.075927734375
39;28000;VEV_5000;263;8;262;18;;;269;8;270;18;;;266.0;-7.204925537109375
39;28100;VEV_5000;265;19;;;;;272;19;;;;;268.5;-4.404449462890625
39;28200;VEV_5000;267;9;266;12;;;273;9;274;12;;;270.0;-3.272216796875
39;28300;VEV_5000;266;31;;;;;273;31;;;;;269.5;-3.40777587890625
39;28400;VEV_5000;267;8;266;22;;;273;8;274;22;;;270.0;-3.295684814453125
39;28500;VEV_5000;266;30;;;;;273;12;274;18;;;269.5;-3.30645751953125
39;28600;VEV_5000;267;11;266;13;;;273;11;274;13;;;270.0;-2.96148681640625
39;28700;VEV_5000;267;11;266;18;;;273;11;274;18;;;270.0;-3.22381591796875
39;28800;VEV_5000;266;8;265;21;;;272;8;273;21;;;269.0;-4.115997314453125
39;28900;VEV_5000;266;8;265;22;;;272;8;273;22;;;269.0;-4.15838623046875
39;29000;VEV_5000;265;8;264;19;;;272;27;;;;;268.5;-4.657623291015625
39;29100;VEV_5000;266;10;265;17;;;272;10;273;17;;;269.0;-3.857269287109375
39;29200;VEV_5000;266;22;;;;;273;10;274;12;;;269.5;-3.3624267578125
39;29300;VEV_5000;266;9;265;24;;;272;9;273;24;;;269.0;-3.995849609375
39;29400;VEV_5000;266;7;265;12;;;273;19;;;;;269.5;-3.67413330078125
39;29500;VEV_5000;266;25;;;;;269;2;273;25;;;267.5;-3.56573486328125
39;29600;VEV_5000;265;12;264;13;;;271;12;272;13;;;268.0;-4.9212646484375
39;29700;VEV_5000;265;8;264;19;;;271;8;272;19;;;268.0;-5.0352783203125
39;29800;VEV_5000;265;10;264;14;;;271;10;272;14;;;268.0;-5.06884765625
39;29900;VEV_5000;265;11;264;12;;;272;23;;;;;268.5;-4.650543212890625
39;30000;VEV_5000;264;9;263;14;;;270;9;271;14;;;267.0;-5.759857177734375
39;30100;VEV_5000;264;27;;;;;271;27;;;;;267.5;-5.65802001953125
39;30200;VEV_5000;263;19;;;;;270;19;;;;;266.5;-6.567718505859375
39;30300;VEV_5000;265;4;262;35;;;269;35;;;;;267.0;-7.373382568359375
39;30400;VEV_5000;262;7;261;24;;;268;7;269;24;;;265.0;-7.700714111328125
39;30500;VEV_5000;263;6;262;15;;;269;6;270;15;;;266.0;-6.931060791015625
39;30600;VEV_5000;261;22;;;;;268;22;;;;;264.5;-8.401214599609375
39;30700;VEV_5000;261;6;260;19;;;267;6;268;19;;;264.0;-9.165374755859375
39;30800;VEV_5000;259;27;;;;;266;27;;;;;262.5;-10.421112060546875
39;30900;VEV_5000;261;6;260;20;;;267;6;268;20;;;264.0;-9.290863037109375
39;31000;VEV_5000;259;10;258;19;;;265;10;266;19;;;262.0;-11.048309326171875
39;31100;VEV_5000;259;10;258;23;;;265;10;266;23;;;262.0;-10.82916259765625
39;31200;VEV_5000;259;10;258;19;;;265;10;266;19;;;262.0;-11.25836181640625
39;31300;VEV_5000;261;9;260;19;;;267;9;268;19;;;264.0;-9.2718505859375
39;31400;VEV_5000;261;10;260;20;;;267;10;268;20;;;264.0;-8.73974609375
39;31500;VEV_5000;261;26;;;;;268;26;;;;;264.5;-8.540863037109375
39;31600;VEV_5000;262;6;261;16;;;268;22;;;;;265.0;-8.35333251953125
39;31700;VEV_5000;263;9;262;18;;;269;9;270;18;;;266.0;-7.3026123046875
39;31800;VEV_5000;262;30;;;;;269;30;;;;;265.5;-7.3504638671875
39;31900;VEV_5000;264;11;263;21;;;270;11;271;21;;;267.0;-6.254302978515625
39;32000;VEV_5000;264;28;;;;;271;28;;;;;267.5;-5.48809814453125
39;32100;VEV_5000;265;11;264;21;;;271;11;272;21;;;268.0;-4.898681640625
39;32200;VEV_5000;265;11;264;19;;;271;11;272;19;;;268.0;-4.817626953125
39;32300;VEV_5000;266;9;265;22;;;273;31;;;;;269.5;-3.654205322265625
39;32400;VEV_5000;266;12;265;12;;;272;12;273;12;;;269.0;-3.76568603515625
39;32500;VEV_5000;266;20;;;;;273;20;;;;;269.5;-3.381561279296875
39;32600;VEV_5000;266;21;;;;;273;21;;;;;269.5;-3.5565185546875
39;32700;VEV_5000;266;12;265;15;;;273;27;;;;;269.5;-3.65264892578125
39;32800;VEV_5000;267;8;266;12;;;273;8;274;12;;;270.0;-3.140533447265625
39;32900;VEV_5000;266;24;;;;;273;8;274;16;;;269.5;-3.312164306640625
39;33000;VEV_5000;268;22;;;;;275;22;;;;;271.5;-1.4769287109375
39;33100;VEV_5000;269;8;268;21;;;275;8;276;21;;;272.0;-0.897216796875
39;33200;VEV_5000;267;11;266;24;;;274;35;;;;;270.5;-2.650360107421875
39;33300;VEV_5000;268;8;267;21;;;274;8;275;21;;;271.0;-1.84100341796875
39;33400;VEV_5000;269;9;268;23;;;275;9;276;23;;;272.0;-1.019500732421875
39;33500;VEV_5000;268;25;;;;;275;25;;;;;271.5;-1.589599609375
39;33600;VEV_5000;268;12;267;17;;;275;29;;;;;271.5;-1.697021484375
39;33700;VEV_5000;268;27;;;;;275;27;;;;;271.5;-1.478118896484375
39;33800;VEV_5000;269;11;268;21;;;275;11;276;21;;;272.0;-1.0372314453125
39;33900;VEV_5000;270;12;269;15;;;276;12;277;15;;;273.0;0.077850341796875
39;34000;VEV_5000;270;9;269;13;;;276;9;277;13;;;273.0;0.1068115234375
39;34100;VEV_5000;271;28;;;;;278;9;279;19;;;274.5;1.59283447265625
39;34200;VEV_5000;272;29;;;;;279;29;;;;;275.5;2.53485107421875
39;34300;VEV_5000;272;10;271;23;;;279;33;;;;;275.5;2.28436279296875
39;34400;VEV_5000;272;8;271;14;;;278;8;279;14;;;275.0;1.764984130859375
39;34500;VEV_5000;271;12;270;21;;;277;12;278;21;;;274.0;1.136016845703125
39;34600;VEV_5000;270;30;;;;;277;30;;;;;273.5;0.484588623046875
39;34700;VEV_5000;270;10;269;23;;;276;10;277;23;;;273.0;0.06561279296875
39;34800;VEV_5000;268;26;;;;;275;6;276;20;;;271.5;-1.39385986328125
39;34900;VEV_5000;268;9;267;21;;;274;9;275;21;;;271.0;-1.740081787109375
39;35000;VEV_5000;266;11;265;21;;;272;11;273;21;;;269.0;-3.713287353515625
39;35100;VEV_5000;267;10;266;14;;;273;10;274;14;;;270.0;-2.92529296875
39;35200;VEV_5000;269;2;267;9;266;12;273;9;274;12;;;271.0;-3.25433349609375
39;35300;VEV_5000;267;25;;;;;274;25;;;;;270.5;-2.394866943359375
39;35400;VEV_5000;269;12;268;21;;;275;12;276;21;;;272.0;-1.07318115234375
39;35500;VEV_5000;269;7;268;24;;;275;7;276;24;;;272.0;-1.15185546875
39;35600;VEV_5000;269;10;268;21;;;275;10;276;21;;;272.0;-1.10589599609375
39;35700;VEV_5000;267;26;;;;;274;26;;;;;270.5;-2.47528076171875
39;35800;VEV_5000;266;7;265;13;;;273;20;;;;;269.5;-3.68182373046875
39;35900;VEV_5000;267;9;266;13;;;273;9;274;13;;;270.0;-3.079559326171875
39;36000;VEV_5000;267;12;266;17;;;273;12;274;17;;;270.0;-2.914581298828125
39;36100;VEV_5000;268;11;267;21;;;274;11;275;21;;;271.0;-1.9305419921875
39;36200;VEV_5000;268;8;267;18;;;274;8;275;18;;;271.0;-1.8837890625
39;36300;VEV_5000;266;21;;;;;273;21;;;;;269.5;-3.416656494140625
39;36400;VEV_5000;268;9;267;16;;;274;9;275;16;;;271.0;-1.90191650390625
39;36500;VEV_5000;268;12;267;19;;;274;12;275;19;;;271.0;-1.8109130859375
39;36600;VEV_5000;268;26;;;;;275;26;;;;;271.5;-1.520599365234375
39;36700;VEV_5000;267;22;;;;;274;22;;;;;270.5;-2.59454345703125
39;36800;VEV_5000;265;28;;;;;272;28;;;;;268.5;-4.540435791015625
39;36900;VEV_5000;265;25;;;;;272;25;;;;;268.5;-4.5894775390625
39;37000;VEV_5000;265;8;264;17;;;271;8;272;17;;;268.0;-5.31982421875
39;37100;VEV_5000;267;8;266;14;;;273;8;274;14;;;270.0;-3.2452392578125
39;37200;VEV_5000;268;20;;;;;275;6;276;14;;;271.5;-1.330841064453125
39;37300;VEV_5000;267;8;266;16;;;273;8;274;16;;;270.0;-2.88043212890625
39;37400;VEV_5000;266;7;265;15;;;272;7;273;15;;;269.0;-4.078704833984375
39;37500;VEV_5000;266;11;265;16;;;272;11;273;16;;;269.0;-3.818359375
39;37600;VEV_5000;265;28;;;;;272;28;;;;;268.5;-4.61688232421875
39;37700;VEV_5000;267;32;;;;;274;10;275;22;;;270.5;-2.364715576171875
39;37800;VEV_5000;267;7;266;16;;;273;7;274;16;;;270.0;-3.165130615234375
39;37900;VEV_5000;266;25;;;;;273;25;;;;;269.5;-3.380706787109375
39;38000;VEV_5000;267;7;266;17;;;273;7;274;17;;;270.0;-3.180145263671875
39;38100;VEV_5000;267;6;266;17;;;273;6;274;17;;;270.0;-3.23724365234375
39;38200;VEV_5000;266;20;;;;;273;8;274;12;;;269.5;-3.321563720703125
39;38300;VEV_5000;267;6;266;21;;;274;27;;;;;270.5;-2.651824951171875
39;38400;VEV_5000;267;6;266;20;;;273;6;274;20;;;270.0;-2.896575927734375
39;38500;VEV_5000;267;7;266;16;;;273;7;274;16;;;270.0;-2.950103759765625
39;38600;VEV_5000;267;12;266;21;;;273;12;274;21;;;270.0;-3.130645751953125
39;38700;VEV_5000;267;29;;;;;274;29;;;;;270.5;-2.517730712890625
39;38800;VEV_5000;267;6;266;18;;;273;6;274;18;;;270.0;-3.052032470703125
39;38900;VEV_5000;267;7;266;15;;;273;7;274;15;;;270.0;-2.929779052734375
39;39000;VEV_5000;267;9;266;21;;;273;9;274;21;;;270.0;-3.0498046875
39;39100;VEV_5000;267;12;266;19;;;273;12;274;19;;;270.0;-3.032989501953125
39;39200;VEV_5000;265;28;;;;;272;28;;;;;268.5;-4.541107177734375
39;39300;VEV_5000;267;3;264;8;263;18;270;8;271;18;;;268.5;-5.818084716796875
39;39400;VEV_5000;265;9;264;18;;;271;9;272;18;;;268.0;-5.0687255859375
39;39500;VEV_5000;264;9;263;17;;;270;9;271;17;;;267.0;-5.71551513671875
39;39600;VEV_5000;264;11;263;22;;;270;11;271;22;;;267.0;-5.893798828125
39;39700;VEV_5000;262;6;261;19;;;268;6;269;19;;;265.0;-8.0723876953125
39;39800;VEV_5000;264;5;261;6;260;19;267;6;268;19;;;265.5;-8.874847412109375
39;39900;VEV_5000;261;12;260;15;;;267;12;268;15;;;264.0;-9.261383056640625
39;40000;VEV_5000;261;18;;;;;268;18;;;;;264.5;-8.43438720703125
39;40100;VEV_5000;260;34;;;;;267;34;;;;;263.5;-9.389129638671875
39;40200;VEV_5000;260;9;259;24;;;266;9;267;24;;;263.0;-10.10418701171875
39;40300;VEV_5000;260;10;259;16;;;266;26;;;;;263.0;-10.332305908203125
39;40400;VEV_5000;259;9;258;15;;;265;9;266;15;;;262.0;-11.01983642578125
39;40500;VEV_5000;258;32;;;;;265;32;;;;;261.5;-11.60809326171875
39;40600;VEV_5000;257;26;;;;;264;26;;;;;260.5;-12.578704833984375
39;40700;VEV_5000;255;31;;;;;261;11;262;20;;;258.0;-14.652679443359375
39;40800;VEV_5000;255;30;;;;;262;30;;;;;258.5;-14.50030517578125
39;40900;VEV_5000;254;6;253;19;;;260;6;261;19;;;257.0;-15.971649169921875
39;41000;VEV_5000;255;12;254;20;;;261;12;262;20;;;258.0;-15.111724853515625
39;41100;VEV_5000;254;28;;;;;261;28;;;;;257.5;-15.570556640625
39;41200;VEV_5000;253;29;;;;;259;12;260;17;;;256.0;-16.628326416015625
39;41300;VEV_5000;254;8;253;23;;;260;8;261;23;;;257.0;-16.1854248046875
39;41400;VEV_5000;254;7;253;18;;;260;25;;;;;257.0;-16.266632080078125
39;41500;VEV_5000;252;26;;;;;258;11;259;15;;;255.0;-17.774246215820312
39;41600;VEV_5000;252;11;251;20;;;258;31;;;;;255.0;-18.301315307617188
39;41700;VEV_5000;252;11;251;22;;;258;11;259;22;;;255.0;-17.989212036132812
39;41800;VEV_5000;253;9;252;16;;;259;25;;;;;256.0;-17.223861694335938
39;41900;VEV_5000;251;10;250;21;;;254;2;257;10;258;21;252.5;-18.860687255859375
39;42000;VEV_5000;250;29;;;;;256;9;257;20;;;253.0;-19.702774047851562
39;42100;VEV_5000;252;7;251;20;;;258;7;259;20;;;255.0;-18.152114868164062
39;42200;VEV_5000;253;23;;;;;259;10;260;13;;;256.0;-16.627899169921875
39;42300;VEV_5000;255;6;254;18;;;261;6;262;18;;;258.0;-15.19464111328125
39;42400;VEV_5000;254;10;253;12;;;260;10;261;12;;;257.0;-15.7884521484375
39;42500;VEV_5000;254;30;;;;;260;8;261;22;;;257.0;-15.5980224609375
39;42600;VEV_5000;255;12;254;22;;;261;34;;;;;258.0;-15.228973388671875
39;42700;VEV_5000;254;7;253;22;;;260;29;;;;;257.0;-16.391204833984375
39;42800;VEV_5000;253;31;;;;;260;31;;;;;256.5;-16.45098876953125
39;42900;VEV_5000;254;6;253;14;;;256;4;260;6;261;14;255.0;-16.044189453125
39;43000;VEV_5000;253;24;;;;;260;24;;;;;256.5;-16.459228515625
39;43100;VEV_5000;254;8;253;14;;;260;22;;;;;257.0;-16.40576171875
39;43200;VEV_5000;254;9;253;13;;;260;22;;;;;257.0;-16.326324462890625
39;43300;VEV_5000;253;25;;;;;260;25;;;;;256.5;-16.54400634765625
39;43400;VEV_5000;254;30;;;;;260;11;261;19;;;257.0;-15.57830810546875
39;43500;VEV_5000;253;10;252;14;;;259;24;;;;;256.0;-17.357101440429688
39;43600;VEV_5000;253;12;252;23;;;259;12;260;23;;;256.0;-16.82379150390625
39;43700;VEV_5000;252;22;;;;;258;9;259;13;;;255.0;-17.733123779296875
39;43800;VEV_5000;251;7;250;12;;;257;7;258;12;;;254.0;-19.075469970703125
39;43900;VEV_5000;252;7;251;17;;;258;24;;;;;255.0;-18.429611206054688
39;44000;VEV_5000;252;9;251;24;;;258;9;259;24;;;255.0;-17.8770751953125
39;44100;VEV_5000;254;6;253;17;;;260;23;;;;;257.0;-16.36676025390625
39;44200;VEV_5000;254;18;;;;;261;18;;;;;257.5;-15.508819580078125
39;44300;VEV_5000;255;10;254;22;;;261;32;;;;;258.0;-15.2308349609375
39;44400;VEV_5000;255;27;;;;;262;27;;;;;258.5;-14.531494140625
39;44500;VEV_5000;256;27;;;;;262;10;263;17;;;259.0;-13.6763916015625
39;44600;VEV_5000;257;31;;;;;264;31;;;;;260.5;-12.593170166015625
39;44700;VEV_5000;258;12;257;24;;;264;12;265;24;;;261.0;-11.945281982421875
39;44800;VEV_5000;258;29;;;;;265;29;;;;;261.5;-11.511993408203125
39;44900;VEV_5000;259;9;258;13;;;265;22;;;;;262.0;-11.381072998046875
39;45000;VEV_5000;259;6;258;24;;;265;6;266;24;;;262.0;-11.17535400390625
39;45100;VEV_5000;258;22;;;;;261;5;265;22;;;259.5;-11.517669677734375
39;45200;VEV_5000;258;7;257;12;;;264;7;265;12;;;261.0;-12.20355224609375
39;45300;VEV_5000;256;27;;;;;262;7;263;20;;;259.0;-13.752655029296875
39;45400;VEV_5000;256;10;255;18;;;262;28;;;;;259.0;-14.4102783203125
39;45500;VEV_5000;257;6;256;24;;;263;30;;;;;260.0;-13.314178466796875
39;45600;VEV_5000;257;7;256;13;;;263;20;;;;;260.0;-13.348785400390625
39;45700;VEV_5000;256;9;255;22;;;262;9;263;22;;;259.0;-13.984130859375
39;45800;VEV_5000;256;11;255;23;;;262;34;;;;;259.0;-14.262908935546875
39;45900;VEV_5000;256;8;255;16;;;262;8;263;16;;;259.0;-13.97479248046875
39;46000;VEV_5000;256;12;255;17;;;262;12;263;17;;;259.0;-14.203277587890625
39;46100;VEV_5000;255;25;;;;;261;10;262;15;;;258.0;-14.67620849609375
39;46200;VEV_5000;256;10;255;19;;;262;10;263;19;;;259.0;-13.86529541015625
39;46300;VEV_5000;257;12;256;15;;;263;12;264;15;;;260.0;-12.794952392578125
39;46400;VEV_5000;258;11;257;20;;;264;11;265;20;;;261.0;-11.997161865234375
39;46500;VEV_5000;258;7;257;15;;;264;22;;;;;261.0;-12.384185791015625
39;46600;VEV_5000;258;10;257;12;;;264;10;265;12;;;261.0;-11.863555908203125
39;46700;VEV_5000;258;26;;;;;264;7;265;19;;;261.0;-11.68408203125
39;46800;VEV_5000;258;26;;;;;265;26;;;;;261.5;-11.466583251953125
39;46900;VEV_5000;259;6;258;16;;;265;22;;;;;262.0;-11.34527587890625
39;47000;VEV_5000;259;10;258;17;;;265;10;266;17;;;262.0;-10.9320068359375
39;47100;VEV_5000;259;33;;;;;266;33;;;;;262.5;-10.54168701171875
39;47200;VEV_5000;259;34;;;;;266;34;;;;;262.5;-10.3780517578125
39;47300;VEV_5000;258;24;;;;;265;24;;;;;261.5;-11.58868408203125
39;47400;VEV_5000;259;10;258;20;;;265;10;266;20;;;262.0;-10.78851318359375
39;47500;VEV_5000;260;11;259;16;;;266;11;267;16;;;263.0;-9.93536376953125
39;47600;VEV_5000;260;7;259;12;;;266;7;267;12;;;263.0;-9.771392822265625
39;47700;VEV_5000;259;28;;;;;265;12;266;16;;;262.0;-10.705841064453125
39;47800;VEV_5000;259;6;258;15;;;265;6;266;15;;;262.0;-11.143585205078125
39;47900;VEV_5000;259;12;258;15;;;265;12;266;15;;;262.0;-10.941741943359375
39;48000;VEV_5000;260;9;259;15;;;266;9;267;15;;;263.0;-10.2470703125
39;48100;VEV_5000;259;7;258;17;;;265;24;;;;;262.0;-11.374542236328125
39;48200;VEV_5000;260;7;259;22;;;266;7;267;22;;;263.0;-10.0606689453125
39;48300;VEV_5000;259;23;;;;;265;6;266;17;;;262.0;-10.684539794921875
39;48400;VEV_5000;259;8;258;15;;;265;8;266;15;;;262.0;-10.9544677734375
39;48500;VEV_5000;259;24;;;;;266;24;;;;;262.5;-10.39715576171875
39;48600;VEV_5000;259;25;;;;;266;25;;;;;262.5;-10.38916015625
39;48700;VEV_5000;259;29;;;;;266;29;;;;;262.5;-10.539215087890625
39;48800;VEV_5000;259;12;258;23;;;265;12;266;23;;;262.0;-11.13818359375
39;48900;VEV_5000;258;31;;;;;265;31;;;;;261.5;-11.534912109375
39;49000;VEV_5000;258;9;257;13;;;264;9;265;13;;;261.0;-11.94842529296875
39;49100;VEV_5000;259;7;258;15;;;265;7;266;15;;;262.0;-11.144317626953125
39;49200;VEV_5000;258;32;;;;;264;10;265;22;;;261.0;-11.727691650390625
39;49300;VEV_5000;259;8;258;17;;;265;8;266;17;;;262.0;-11.017730712890625
39;49400;VEV_5000;260;7;259;24;;;266;7;267;24;;;263.0;-9.87200927734375
39;49500;VEV_5000;259;7;258;24;;;265;7;266;24;;;262.0;-10.8914794921875
39;49600;VEV_5000;259;11;258;16;;;265;27;;;;;262.0;-11.303070068359375
39;49700;VEV_5000;259;27;;;;;266;27;;;;;262.5;-10.58709716796875
39;49800;VEV_5000;259;12;258;17;;;265;12;266;17;;;262.0;-10.798553466796875
39;49900;VEV_5000;261;12;260;16;;;267;28;;;;;264.0;-9.359588623046875
39;50000;VEV_5000;261;8;260;19;;;267;27;;;;;264.0;-9.351226806640625
39;50100;VEV_5000;261;12;260;13;;;267;12;268;13;;;264.0;-8.98089599609375
39;50200;VEV_5000;259;24;;;;;266;24;;;;;262.5;-10.4385986328125
39;50300;VEV_5000;259;32;;;;;265;11;266;21;;;262.0;-10.69378662109375
39;50400;VEV_5000;260;23;;;;;267;23;;;;;263.5;-9.52984619140625
39;50500;VEV_5000;260;6;259;19;;;266;6;267;19;;;263.0;-9.9794921875
39;50600;VEV_5000;261;27;;;;;268;27;;;;;264.5;-8.501678466796875
39;50700;VEV_5000;262;12;261;14;;;268;12;269;14;;;265.0;-8.211334228515625
39;50800;VEV_5000;264;11;263;17;;;270;11;271;17;;;267.0;-5.981201171875
39;50900;VEV_5000;265;11;264;13;;;271;11;272;13;;;268.0;-4.778045654296875
39;51000;VEV_5000;264;10;263;15;;;270;10;271;15;;;267.0;-5.8697509765625
39;51100;VEV_5000;264;6;263;23;;;270;6;271;23;;;267.0;-5.98382568359375
39;51200;VEV_5000;263;12;262;12;;;269;12;270;12;;;266.0;-6.852325439453125
39;51300;VEV_5000;264;25;;;;;271;25;;;;;267.5;-5.436004638671875
39;51400;VEV_5000;264;12;263;15;;;271;27;;;;;267.5;-5.672576904296875
39;51500;VEV_5000;263;10;262;13;;;269;10;270;13;;;266.0;-6.96343994140625
39;51600;VEV_5000;264;8;263;15;;;270;8;271;15;;;267.0;-5.722900390625
39;51700;VEV_5000;262;26;;;;;269;26;;;;;265.5;-7.42041015625
39;51800;VEV_5000;263;6;262;13;;;269;19;;;;;266.0;-7.327056884765625
39;51900;VEV_5000;262;11;261;17;;;268;11;269;17;;;265.0;-8.208221435546875
39;52000;VEV_5000;261;27;;;;;268;27;;;;;264.5;-8.367584228515625
39;52100;VEV_5000;262;27;;;;;269;27;;;;;265.5;-7.5137939453125
39;52200;VEV_5000;262;12;261;17;;;268;12;269;17;;;265.0;-8.0982666015625
39;52300;VEV_5000;262;36;;;;;269;36;;;;;265.5;-7.6279296875
39;52400;VEV_5000;262;10;261;22;;;268;10;269;22;;;265.0;-7.913909912109375
39;52500;VEV_5000;261;8;260;21;;;267;8;268;21;;;264.0;-9.23095703125
39;52600;VEV_5000;260;23;;;;;266;7;267;16;;;263.0;-9.6490478515625
39;52700;VEV_5000;260;9;259;13;;;266;9;267;13;;;263.0;-10.199981689453125
39;52800;VEV_5000;260;7;259;19;;;266;7;267;19;;;263.0;-10.25341796875
39;52900;VEV_5000;260;11;259;14;;;262;5;266;11;267;14;261.0;-10.2025146484375
39;53000;VEV_5000;259;11;258;14;;;265;11;266;14;;;262.0;-10.840545654296875
39;53100;VEV_5000;261;8;260;13;;;267;21;;;;;264.0;-9.317169189453125
39;53200;VEV_5000;261;31;;;;;268;31;;;;;264.5;-8.5594482421875
39;53300;VEV_5000;262;6;261;13;;;268;6;269;13;;;265.0;-8.036346435546875
39;53400;VEV_5000;262;9;261;19;;;268;28;;;;;265.0;-8.314697265625
39;53500;VEV_5000;261;7;260;14;;;267;7;268;14;;;264.0;-9.026275634765625
39;53600;VEV_5000;260;9;259;12;;;266;9;267;12;;;263.0;-9.97161865234375
39;53700;VEV_5000;259;27;;;;;265;7;266;20;;;262.0;-10.681121826171875
39;53800;VEV_5000;259;9;258;12;;;265;9;266;12;;;262.0;-10.75042724609375
39;53900;VEV_5000;258;29;;;;;265;29;;;;;261.5;-11.461456298828125
39;54000;VEV_5000;257;11;256;17;;;263;11;264;17;;;260.0;-12.940948486328125
39;54100;VEV_5000;259;6;258;17;;;265;6;266;17;;;262.0;-11.159393310546875
39;54200;VEV_5000;260;8;259;16;;;266;8;267;16;;;263.0;-9.955780029296875
39;54300;VEV_5000;259;28;;;;;266;28;;;;;262.5;-10.54791259765625
39;54400;VEV_5000;259;24;;;;;266;24;;;;;262.5;-10.4368896484375
39;54500;VEV_5000;261;6;260;12;;;267;6;268;12;;;264.0;-9.20794677734375
39;54600;VEV_5000;261;7;260;23;;;267;7;268;23;;;264.0;-9.2393798828125
39;54700;VEV_5000;259;6;258;15;;;265;6;266;15;;;262.0;-10.8818359375
39;54800;VEV_5000;259;8;258;16;;;265;8;266;16;;;262.0;-10.92724609375
39;54900;VEV_5000;258;9;257;23;;;264;9;265;23;;;261.0;-12.1473388671875
39;55000;VEV_5000;258;12;257;16;;;264;12;265;16;;;261.0;-11.8568115234375
39;55100;VEV_5000;259;7;258;20;;;265;7;266;20;;;262.0;-10.955413818359375
39;55200;VEV_5000;257;24;;;;;264;24;;;;;260.5;-12.403076171875
39;55300;VEV_5000;256;7;255;18;;;262;7;263;18;;;259.0;-13.80572509765625
39;55400;VEV_5000;257;8;256;24;;;263;8;264;24;;;260.0;-13.17193603515625
39;55500;VEV_5000;257;6;256;18;;;263;6;264;18;;;260.0;-13.24676513671875
39;55600;VEV_5000;256;6;255;12;;;262;6;263;12;;;259.0;-13.819427490234375
39;55700;VEV_5000;257;7;256;21;;;263;7;264;21;;;260.0;-13.138702392578125
39;55800;VEV_5000;256;12;255;19;;;262;12;263;19;;;259.0;-14.201904296875
39;55900;VEV_5000;256;8;255;20;;;262;28;;;;;259.0;-14.307891845703125
39;56000;VEV_5000;254;29;;;;;260;10;261;19;;;257.0;-15.583770751953125
39;56100;VEV_5000;255;12;254;23;;;261;12;262;23;;;258.0;-14.78778076171875
39;56200;VEV_5000;254;9;253;17;;;260;26;;;;;257.0;-16.2952880859375
39;56300;VEV_5000;252;12;251;21;;;258;12;259;21;;;255.0;-17.840789794921875
39;56400;VEV_5000;252;31;;;;;258;12;259;19;;;255.0;-17.695449829101562
39;56500;VEV_5000;253;9;252;23;;;259;9;260;23;;;256.0;-17.134689331054688
39;56600;VEV_5000;252;30;;;;;259;30;;;;;255.5;-17.467926025390625
39;56700;VEV_5000;252;6;251;15;;;258;21;;;;;255.0;-18.243576049804688
39;56800;VEV_5000;252;27;;;;;259;27;;;;;255.5;-17.480712890625
39;56900;VEV_5000;253;30;;;;;259;10;260;20;;;256.0;-16.796539306640625
39;57000;VEV_5000;252;12;251;24;;;258;36;;;;;255.0;-18.219345092773438
39;57100;VEV_5000;250;24;;;;;256;9;257;15;;;253.0;-19.618789672851562
39;57200;VEV_5000;250;29;;;;;256;12;257;17;;;253.0;-19.598403930664062
39;57300;VEV_5000;249;31;;;;;256;31;;;;;252.5;-20.4884033203125
39;57400;VEV_5000;249;31;;;;;255;12;256;19;;;252.0;-20.596282958984375
39;57500;VEV_5000;250;8;249;14;;;256;8;257;14;;;253.0;-20.116806030273438
39;57600;VEV_5000;249;33;;;;;255;10;256;23;;;252.0;-20.71490478515625
39;57700;VEV_5000;249;22;;;;;255;9;256;13;;;252.0;-20.539108276367188
39;57800;VEV_5000;249;31;;;;;255;11;256;20;;;252.0;-20.543701171875
39;57900;VEV_5000;249;27;;;;;255;8;256;19;;;252.0;-20.650360107421875
39;58000;VEV_5000;249;8;248;21;;;255;29;;;;;252.0;-21.375534057617188
39;58100;VEV_5000;250;6;249;17;;;256;23;;;;;253.0;-20.439193725585938
39;58200;VEV_5000;251;11;250;16;;;257;27;;;;;254.0;-19.206314086914062
39;58300;VEV_5000;249;31;;;;;255;12;256;19;;;252.0;-20.5958251953125
39;58400;VEV_5000;248;23;;;;;254;8;255;15;;;251.0;-21.850021362304688
39;58500;VEV_5000;248;6;247;23;;;254;6;255;23;;;251.0;-21.8956298828125
39;58600;VEV_5000;248;27;;;;;254;6;255;21;;;251.0;-21.84735107421875
39;58700;VEV_5000;246;24;;;;;252;6;253;18;;;249.0;-23.545333862304688
39;58800;VEV_5000;244;29;;;;;250;7;251;22;;;247.0;-25.547027587890625
39;58900;VEV_5000;244;10;243;24;;;250;34;;;;;247.0;-26.248764038085938
39;59000;VEV_5000;244;28;;;;;250;8;251;20;;;247.0;-25.828872680664062
39;59100;VEV_5000;243;24;;;;;249;11;250;13;;;246.0;-26.553253173828125
39;59200;VEV_5000;243;6;242;22;;;248;6;249;22;;;245.5;-27.467361450195312
39;59300;VEV_5000;244;31;;;;;250;8;251;23;;;247.0;-25.8973388671875
39;59400;VEV_5000;244;8;243;13;;;250;21;;;;;247.0;-26.302780151367188
39;59500;VEV_5000;243;7;242;12;;;249;19;;;;;246.0;-27.224945068359375
39;59600;VEV_5000;242;25;;;;;248;9;249;16;;;245.0;-27.58319091796875
39;59700;VEV_5000;242;23;;;;;248;6;249;17;;;245.0;-27.601455688476562
39;59800;VEV_5000;244;7;243;24;;;250;31;;;;;247.0;-26.439437866210938
39;59900;VEV_5000;243;12;242;16;;;249;12;250;16;;;246.0;-27.053451538085938
39;60000;VEV_5000;244;34;;;;;250;12;251;22;;;247.0;-25.587677001953125
39;60100;VEV_5000;244;12;243;23;;;250;35;;;;;247.0;-26.103530883789062
39;60200;VEV_5000;244;8;243;20;;;250;28;;;;;247.0;-26.089523315429688
39;60300;VEV_5000;243;18;;;;;249;6;250;12;;;246.0;-26.557388305664062
39;60400;VEV_5000;245;10;244;18;;;251;10;252;18;;;248.0;-24.931137084960938
39;60500;VEV_5000;245;18;;;;;251;6;252;12;;;248.0;-24.801544189453125
39;60600;VEV_5000;246;20;;;;;252;7;253;13;;;249.0;-23.57037353515625
39;60700;VEV_5000;246;34;;;;;252;10;253;24;;;249.0;-23.72686767578125
39;60800;VEV_5000;247;29;;;;;253;7;254;22;;;250.0;-22.59698486328125
39;60900;VEV_5000;247;10;246;17;;;253;10;254;17;;;250.0;-22.911819458007812
39;61000;VEV_5000;247;21;;;;;253;7;254;14;;;250.0;-22.796127319335938
39;61100;VEV_5000;248;25;;;;;254;12;255;13;;;251.0;-21.583816528320312
39;61200;VEV_5000;249;25;;;;;255;6;256;19;;;252.0;-20.560958862304688
39;61300;VEV_5000;249;28;;;;;255;7;256;21;;;252.0;-20.648880004882812
39;61400;VEV_5000;252;3;249;22;;;255;10;256;12;;;253.5;-20.81396484375
39;61500;VEV_5000;249;8;248;23;;;255;31;;;;;252.0;-21.37896728515625
39;61600;VEV_5000;248;29;;;;;254;7;255;22;;;251.0;-21.676010131835938
39;61700;VEV_5000;249;31;;;;;255;9;256;22;;;252.0;-20.532257080078125
39;61800;VEV_5000;250;8;249;23;;;256;31;;;;;253.0;-20.256378173828125
39;61900;VEV_5000;250;27;;;;;256;8;257;19;;;253.0;-19.539459228515625
39;62000;VEV_5000;250;10;249;12;;;256;22;;;;;253.0;-20.399795532226562
39;62100;VEV_5000;249;6;248;19;;;255;6;256;19;;;252.0;-21.114089965820312
39;62200;VEV_5000;249;30;;;;;255;12;256;18;;;252.0;-20.74969482421875
39;62300;VEV_5000;249;12;248;24;;;255;36;;;;;252.0;-21.166976928710938
39;62400;VEV_5000;249;10;248;14;;;255;24;;;;;252.0;-21.315414428710938
39;62500;VEV_5000;249;8;248;24;;;255;8;256;24;;;252.0;-20.925735473632812
39;62600;VEV_5000;250;7;249;21;;;256;28;;;;;253.0;-20.264312744140625
39;62700;VEV_5000;250;25;;;;;257;25;;;;;253.5;-19.506256103515625
39;62800;VEV_5000;250;7;249;14;;;256;7;257;14;;;253.0;-20.011642456054688
39;62900;VEV_5000;250;11;249;19;;;256;11;257;19;;;253.0;-19.927154541015625
39;63000;VEV_5000;250;8;249;13;;;256;8;257;13;;;253.0;-20.081741333007812
39;63100;VEV_5000;250;11;249;16;;;256;11;257;16;;;253.0;-20.113143920898438
39;63200;VEV_5000;252;23;;;;;258;6;259;17;;;255.0;-17.625518798828125
39;63300;VEV_5000;252;10;251;24;;;258;10;259;24;;;255.0;-18.098037719726562
39;63400;VEV_5000;253;29;;;;;259;10;260;19;;;256.0;-16.7972412109375
39;63500;VEV_5000;253;7;252;22;;;259;7;260;22;;;256.0;-16.954559326171875
39;63600;VEV_5000;253;12;252;15;;;259;12;260;15;;;256.0;-16.9932861328125
39;63700;VEV_5000;252;6;251;24;;;258;30;;;;;255.0;-18.393310546875
39;63800;VEV_5000;252;22;;;;;258;8;259;14;;;255.0;-17.799942016601562
39;63900;VEV_5000;251;29;;;;;257;11;258;18;;;254.0;-18.7650146484375
39;64000;VEV_5000;253;7;252;16;;;259;23;;;;;256.0;-17.37982177734375
39;64100;VEV_5000;252;29;;;;;259;29;;;;;255.5;-17.466461181640625
39;64200;VEV_5000;253;21;;;;;259;9;260;12;;;256.0;-16.593475341796875
39;64300;VEV_5000;253;8;252;12;;;259;20;;;;;256.0;-17.353195190429688
39;64400;VEV_5000;254;11;253;14;;;260;11;261;14;;;257.0;-15.932464599609375
39;64500;VEV_5000;254;8;253;13;;;260;21;;;;;257.0;-16.229095458984375
39;64600;VEV_5000;254;24;;;;;261;24;;;;;257.5;-15.48944091796875
39;64700;VEV_5000;253;8;252;19;;;259;8;260;19;;;256.0;-17.088226318359375
39;64800;VEV_5000;252;24;;;;;258;11;259;13;;;255.0;-17.781753540039062
39;64900;VEV_5000;252;8;251;19;;;258;8;259;19;;;255.0;-18.14642333984375
39;65000;VEV_5000;250;35;;;;;256;11;257;24;;;253.0;-19.544342041015625
39;65100;VEV_5000;251;34;;;;;257;11;258;23;;;254.0;-18.58233642578125
39;65200;VEV_5000;251;27;;;;;258;27;;;;;254.5;-18.53253173828125
39;65300;VEV_5000;255;5;252;33;;;258;11;259;22;;;256.5;-17.778610229492188
39;65400;VEV_5000;252;9;251;23;;;258;9;259;23;;;255.0;-18.064010620117188
39;65500;VEV_5000;252;28;;;;;259;28;;;;;255.5;-17.480224609375
39;65600;VEV_5000;254;8;253;12;;;260;20;;;;;257.0;-16.309356689453125
39;65700;VEV_5000;254;12;253;23;;;260;12;261;23;;;257.0;-16.01739501953125
39;65800;VEV_5000;253;28;;;;;259;7;260;21;;;256.0;-16.777008056640625
39;65900;VEV_5000;253;24;;;;;259;11;260;13;;;256.0;-16.7744140625
39;66000;VEV_5000;252;10;251;20;;;258;10;259;20;;;255.0;-17.935592651367188
39;66100;VEV_5000;253;23;;;;;259;6;260;17;;;256.0;-16.606719970703125
39;66200;VEV_5000;253;7;252;19;;;259;7;260;19;;;256.0;-16.87664794921875
39;66300;VEV_5000;253;12;252;21;;;259;33;;;;;256.0;-17.258468627929688
39;66400;VEV_5000;252;6;251;22;;;258;28;;;;;255.0;-18.404937744140625
39;66500;VEV_5000;252;6;251;20;;;258;6;259;20;;;255.0;-17.964752197265625
39;66600;VEV_5000;254;8;253;19;;;260;27;;;;;257.0;-16.261138916015625
39;66700;VEV_5000;255;10;254;17;;;261;10;262;17;;;258.0;-14.776611328125
39;66800;VEV_5000;256;10;255;19;;;262;29;;;;;259.0;-14.35711669921875
39;66900;VEV_5000;255;31;;;;;261;12;262;19;;;258.0;-14.771148681640625
39;67000;VEV_5000;256;11;255;13;;;262;24;;;;;259.0;-14.389312744140625
39;67100;VEV_5000;256;32;;;;;263;32;;;;;259.5;-13.47100830078125
39;67200;VEV_5000;257;10;256;19;;;263;29;;;;;260.0;-13.2841796875
39;67300;VEV_5000;256;27;;;;;262;10;263;17;;;259.0;-13.659454345703125
39;67400;VEV_5000;257;12;256;23;;;263;12;264;23;;;260.0;-12.77557373046875
39;67500;VEV_5000;258;9;257;23;;;264;9;265;23;;;261.0;-12.07763671875
39;67600;VEV_5000;259;21;;;;;266;21;;;;;262.5;-10.438995361328125
39;67700;VEV_5000;260;10;259;22;;;266;10;267;22;;;263.0;-9.887298583984375
39;67800;VEV_5000;259;32;;;;;266;32;;;;;262.5;-10.471954345703125
39;67900;VEV_5000;259;32;;;;;266;32;;;;;262.5;-10.5147705078125
39;68000;VEV_5000;260;6;259;18;;;266;6;267;18;;;263.0;-10.008575439453125
39;68100;VEV_5000;260;8;259;14;;;266;22;;;;;263.0;-10.36767578125
39;68200;VEV_5000;259;11;258;21;;;265;11;266;21;;;262.0;-10.86279296875
39;68300;VEV_5000;259;8;258;20;;;265;8;266;20;;;262.0;-11.24853515625
39;68400;VEV_5000;258;12;257;23;;;264;12;265;23;;;261.0;-12.010986328125
39;68500;VEV_5000;257;7;256;15;;;263;7;264;15;;;260.0;-12.78936767578125
39;68600;VEV_5000;256;26;;;;;262;8;263;18;;;259.0;-13.683380126953125
39;68700;VEV_5000;256;7;255;20;;;262;7;263;20;;;259.0;-14.1497802734375
39;68800;VEV_5000;254;29;;;;;261;29;;;;;257.5;-15.502593994140625
39;68900;VEV_5000;254;12;253;21;;;260;12;261;21;;;257.0;-16.034393310546875
39;69000;VEV_5000;255;24;;;;;262;24;;;;;258.5;-14.565673828125
39;69100;VEV_5000;255;9;254;24;;;261;9;262;24;;;258.0;-15.071685791015625
39;69200;VEV_5000;254;12;253;12;;;260;12;261;12;;;257.0;-15.78985595703125
39;69300;VEV_5000;255;10;254;18;;;261;10;262;18;;;258.0;-14.935028076171875
39;69400;VEV_5000;254;9;253;20;;;260;9;261;20;;;257.0;-16.146331787109375
39;69500;VEV_5000;256;9;255;20;;;262;9;263;20;;;259.0;-14.191253662109375
39;69600;VEV_5000;258;8;257;17;;;264;8;265;17;;;261.0;-11.92059326171875
39;69700;VEV_5000;257;6;256;15;;;263;6;264;15;;;260.0;-12.980987548828125
39;69800;VEV_5000;257;8;256;24;;;263;8;264;24;;;260.0;-12.841766357421875
39;69900;VEV_5000;258;8;257;19;;;264;8;265;19;;;261.0;-11.921295166015625
39;70000;VEV_5000;258;31;;;;;264;10;265;21;;;261.0;-11.693267822265625
39;70100;VEV_5000;257;11;256;16;;;263;11;264;16;;;260.0;-12.977447509765625
39;70200;VEV_5000;257;12;256;15;;;263;12;264;15;;;260.0;-13.1739501953125
39;70300;VEV_5000;258;10;257;20;;;264;10;265;20;;;261.0;-12.089874267578125
39;70400;VEV_5000;258;8;257;12;;;264;8;265;12;;;261.0;-11.785552978515625
39;70500;VEV_5000;258;20;;;;;264;8;265;12;;;261.0;-11.625946044921875
39;70600;VEV_5000;257;11;256;23;;;263;34;;;;;260.0;-13.28704833984375
39;70700;VEV_5000;257;10;256;23;;;263;10;264;23;;;260.0;-12.8692626953125
39;70800;VEV_5000;257;12;256;17;;;263;29;;;;;260.0;-13.388824462890625
39;70900;VEV_5000;256;25;;;;;263;25;;;;;259.5;-13.49566650390625
39;71000;VEV_5000;255;24;;;;;261;6;262;18;;;258.0;-14.721282958984375
39;71100;VEV_5000;255;21;;;;;261;8;262;13;;;258.0;-14.584930419921875
39;71200;VEV_5000;255;7;254;12;;;261;19;;;;;258.0;-15.309600830078125
39;71300;VEV_5000;255;8;254;15;;;261;8;262;15;;;258.0;-15.08636474609375
39;71400;VEV_5000;253;8;252;12;;;259;20;;;;;256.0;-17.274337768554688
39;71500;VEV_5000;253;11;252;21;;;259;32;;;;;256.0;-17.324310302734375
39;71600;VEV_5000;253;8;252;23;;;259;8;260;23;;;256.0;-16.974517822265625
39;71700;VEV_5000;253;9;252;17;;;259;9;260;17;;;256.0;-16.88079833984375
39;71800;VEV_5000;255;10;254;20;;;261;10;262;20;;;258.0;-15.0531005859375
39;71900;VEV_5000;254;6;253;24;;;260;30;;;;;257.0;-16.364593505859375
39;72000;VEV_5000;255;25;;;;;262;25;;;;;258.5;-14.560333251953125
39;72100;VEV_5000;256;32;;;;;262;8;263;24;;;259.0;-13.74713134765625
39;72200;VEV_5000;258;12;257;24;;;264;36;;;;;261.0;-12.356781005859375
39;72300;VEV_5000;257;23;;;;;264;23;;;;;260.5;-12.418914794921875
39;72400;VEV_5000;258;8;257;24;;;264;32;;;;;261.0;-12.317901611328125
39;72500;VEV_5000;259;12;258;17;;;265;12;266;17;;;262.0;-11.2701416015625
39;72600;VEV_5000;259;34;;;;;265;12;266;22;;;262.0;-10.650115966796875
39;72700;VEV_5000;259;9;258;17;;;265;9;266;17;;;262.0;-10.913482666015625
39;72800;VEV_5000;259;10;258;13;;;265;10;266;13;;;262.0;-10.807769775390625
39;72900;VEV_5000;258;20;;;;;264;7;265;13;;;261.0;-11.728851318359375
39;73000;VEV_5000;258;10;257;13;;;264;10;265;13;;;261.0;-12.040191650390625
39;73100;VEV_5000;259;11;258;14;;;265;11;266;14;;;262.0;-10.897186279296875
39;73200;VEV_5000;257;26;;;;;264;26;;;;;260.5;-12.44415283203125
39;73300;VEV_5000;257;7;256;18;;;263;7;264;18;;;260.0;-13.1727294921875
39;73400;VEV_5000;256;21;;;;;262;7;263;14;;;259.0;-13.682830810546875
39;73500;VEV_5000;256;10;255;12;;;262;22;;;;;259.0;-14.311370849609375
39;73600;VEV_5000;256;7;255;23;;;262;7;263;23;;;259.0;-13.764068603515625
39;73700;VEV_5000;257;10;256;24;;;263;10;264;24;;;260.0;-12.923980712890625
39;73800;VEV_5000;257;9;256;12;;;263;21;;;;;260.0;-13.3389892578125
39;73900;VEV_5000;257;25;;;;;264;25;;;;;260.5;-12.39654541015625
39;74000;VEV_5000;256;9;255;14;;;262;9;263;14;;;259.0;-13.90325927734375
39;74100;VEV_5000;257;10;256;20;;;263;30;;;;;260.0;-13.26409912109375
39;74200;VEV_5000;257;6;256;23;;;263;6;264;23;;;260.0;-13.1939697265625
39;74300;VEV_5000;257;29;;;;;264;29;;;;;260.5;-12.46826171875
39;74400;VEV_5000;257;8;256;20;;;263;8;264;20;;;260.0;-12.765167236328125
39;74500;VEV_5000;257;6;256;23;;;263;6;264;23;;;260.0;-13.200042724609375
39;74600;VEV_5000;257;6;256;12;;;263;6;264;12;;;260.0;-13.209991455078125
39;74700;VEV_5000;256;22;;;;;263;22;;;;;259.5;-13.4129638671875
39;74800;VEV_5000;256;6;255;21;;;262;6;263;21;;;259.0;-13.964508056640625
39;74900;VEV_5000;256;23;;;;;262;6;263;17;;;259.0;-13.650299072265625
39;75000;VEV_5000;257;8;256;23;;;263;31;;;;;260.0;-13.2691650390625
39;75100;VEV_5000;255;35;;;;;261;11;262;24;;;258.0;-14.60223388671875
39;75200;VEV_5000;256;9;255;19;;;258;4;262;9;263;19;257.0;-14.015350341796875
39;75300;VEV_5000;255;9;254;16;;;261;9;262;16;;;258.0;-15.10357666015625
39;75400;VEV_5000;257;7;256;18;;;263;7;264;18;;;260.0;-13.0621337890625
39;75500;VEV_5000;257;10;256;15;;;263;10;264;15;;;260.0;-13.22821044921875
39;75600;VEV_5000;257;6;256;23;;;263;6;264;23;;;260.0;-13.220367431640625
39;75700;VEV_5000;256;9;255;16;;;262;9;263;16;;;259.0;-14.15582275390625
39;75800;VEV_5000;256;7;255;14;;;262;7;263;14;;;259.0;-14.05322265625
39;75900;VEV_5000;255;26;;;;;262;26;;;;;258.5;-14.579864501953125
39;76000;VEV_5000;256;27;;;;;263;27;;;;;259.5;-13.5396728515625
39;76100;VEV_5000;256;36;;;;;263;36;;;;;259.5;-13.593780517578125
39;76200;VEV_5000;254;8;253;21;;;260;8;261;21;;;257.0;-15.794525146484375
39;76300;VEV_5000;255;20;;;;;262;20;;;;;258.5;-14.4918212890625
39;76400;VEV_5000;256;7;255;17;;;262;24;;;;;259.0;-14.4091796875
39;76500;VEV_5000;256;12;255;12;;;262;24;;;;;259.0;-14.321502685546875
39;76600;VEV_5000;256;11;255;16;;;262;27;;;;;259.0;-14.377105712890625
39;76700;VEV_5000;256;7;255;18;;;262;25;;;;;259.0;-14.369140625
39;76800;VEV_5000;255;11;254;21;;;261;32;;;;;258.0;-15.39373779296875
39;76900;VEV_5000;254;9;253;20;;;260;9;261;20;;;257.0;-16.053741455078125
39;77000;VEV_5000;254;10;253;12;;;260;10;261;12;;;257.0;-16.08697509765625
39;77100;VEV_5000;253;11;252;24;;;259;11;260;24;;;256.0;-16.883941650390625
39;77200;VEV_5000;253;11;252;20;;;259;11;260;20;;;256.0;-17.010650634765625
39;77300;VEV_5000;252;6;251;19;;;258;6;259;19;;;255.0;-17.827239990234375
39;77400;VEV_5000;252;25;;;;;258;6;259;19;;;255.0;-17.649017333984375
39;77500;VEV_5000;254;12;253;20;;;260;12;261;20;;;257.0;-16.10406494140625
39;77600;VEV_5000;254;10;253;21;;;260;10;261;21;;;257.0;-15.934600830078125
39;77700;VEV_5000;254;9;253;21;;;260;9;261;21;;;257.0;-16.208892822265625
39;77800;VEV_5000;255;8;254;12;;;261;8;262;12;;;258.0;-14.91180419921875
39;77900;VEV_5000;256;8;255;13;;;262;8;263;13;;;259.0;-14.02532958984375
39;78000;VEV_5000;254;31;;;;;260;12;261;19;;;257.0;-15.677398681640625
39;78100;VEV_5000;257;7;256;17;;;263;7;264;17;;;260.0;-13.214874267578125
39;78200;VEV_5000;256;32;;;;;262;8;263;24;;;259.0;-13.735870361328125
39;78300;VEV_5000;255;12;254;16;;;261;12;262;16;;;258.0;-15.003936767578125
39;78400;VEV_5000;255;12;254;15;;;261;12;262;15;;;258.0;-14.93780517578125
39;78500;VEV_5000;255;6;254;16;;;261;22;;;;;258.0;-15.321563720703125
39;78600;VEV_5000;254;12;253;23;;;260;12;261;23;;;257.0;-15.903778076171875
39;78700;VEV_5000;254;21;;;;;260;6;261;15;;;257.0;-15.654266357421875
39;78800;VEV_5000;258;4;255;29;;;262;29;;;;;260.0;-14.50933837890625
39;78900;VEV_5000;256;24;;;;;263;24;;;;;259.5;-13.4130859375
39;79000;VEV_5000;256;32;;;;;263;32;;;;;259.5;-13.4146728515625
39;79100;VEV_5000;256;27;;;;;262;7;263;20;;;259.0;-13.616424560546875
39;79200;VEV_5000;257;10;256;20;;;263;30;;;;;260.0;-13.30810546875
39;79300;VEV_5000;258;11;257;13;;;261;5;264;11;265;13;259.5;-11.84503173828125
39;79400;VEV_5000;258;12;257;17;;;264;12;265;17;;;261.0;-11.88525390625
39;79500;VEV_5000;257;21;;;;;264;21;;;;;260.5;-12.5640869140625
39;79600;VEV_5000;259;11;258;21;;;265;32;;;;;262.0;-11.347015380859375
39;79700;VEV_5000;257;12;256;20;;;263;12;264;20;;;260.0;-12.98211669921875
39;79800;VEV_5000;258;8;257;19;;;264;27;;;;;261.0;-12.38623046875
39;79900;VEV_5000;258;11;257;12;;;264;11;265;12;;;261.0;-11.915985107421875
39;80000;VEV_5000;260;7;259;15;;;266;7;267;15;;;263.0;-10.044158935546875
39;80100;VEV_5000;262;8;261;19;;;268;8;269;19;;;265.0;-8.05084228515625
39;80200;VEV_5000;261;10;260;21;;;267;10;268;21;;;264.0;-8.897369384765625
39;80300;VEV_5000;261;10;260;13;;;267;10;268;13;;;264.0;-8.89111328125
39;80400;VEV_5000;262;19;;;;;269;19;;;;;265.5;-7.358489990234375
39;80500;VEV_5000;263;11;262;12;;;269;11;270;12;;;266.0;-6.92333984375
39;80600;VEV_5000;263;9;262;24;;;269;9;270;24;;;266.0;-7.114593505859375
39;80700;VEV_5000;262;25;;;;;269;25;;;;;265.5;-7.587799072265625
39;80800;VEV_5000;264;10;263;17;;;270;10;271;17;;;267.0;-6.0103759765625
39;80900;VEV_5000;264;11;263;24;;;270;11;271;24;;;267.0;-6.080230712890625
39;81000;VEV_5000;264;31;;;;;271;9;272;22;;;267.5;-5.32415771484375
39;81100;VEV_5000;265;10;264;16;;;271;10;272;16;;;268.0;-5.15765380859375
39;81200;VEV_5000;265;7;264;15;;;271;7;272;15;;;268.0;-4.79022216796875
39;81300;VEV_5000;265;7;264;20;;;271;7;272;20;;;268.0;-5.201324462890625
39;81400;VEV_5000;265;8;264;23;;;271;8;272;23;;;268.0;-5.0167236328125
39;81500;VEV_5000;266;7;265;24;;;272;7;273;24;;;269.0;-3.85418701171875
39;81600;VEV_5000;266;6;265;20;;;272;6;273;20;;;269.0;-3.910247802734375
39;81700;VEV_5000;265;27;;;;;272;27;;;;;268.5;-4.424285888671875
39;81800;VEV_5000;266;7;265;13;;;272;7;273;13;;;269.0;-4.078094482421875
39;81900;VEV_5000;267;11;266;22;;;274;33;;;;;270.5;-2.698150634765625
39;82000;VEV_5000;269;6;268;21;;;275;6;276;21;;;272.0;-0.806488037109375
39;82100;VEV_5000;270;23;;;;;277;23;;;;;273.5;0.51251220703125
39;82200;VEV_5000;272;12;271;15;;;278;12;279;15;;;275.0;1.8377685546875
39;82300;VEV_5000;272;6;271;12;;;278;6;279;12;;;275.0;1.938995361328125
39;82400;VEV_5000;272;12;271;21;;;278;12;279;21;;;275.0;2.009613037109375
39;82500;VEV_5000;270;24;;;;;277;24;;;;;273.5;0.5306396484375
39;82600;VEV_5000;271;29;;;;;278;8;279;21;;;274.5;1.61962890625
39;82700;VEV_5000;270;26;;;;;277;12;278;14;;;273.5;0.62799072265625
39;82800;VEV_5000;269;7;268;24;;;276;31;;;;;272.5;-0.64093017578125
39;82900;VEV_5000;268;8;267;12;;;274;8;275;12;;;271.0;-1.995330810546875
39;83000;VEV_5000;268;8;267;19;;;274;8;275;19;;;271.0;-1.956756591796875
39;83100;VEV_5000;267;8;266;17;;;273;8;274;17;;;270.0;-2.990570068359375
39;83200;VEV_5000;266;11;265;22;;;272;11;273;22;;;269.0;-3.716461181640625
39;83300;VEV_5000;266;11;265;18;;;272;11;273;18;;;269.0;-4.0484619140625
39;83400;VEV_5000;267;9;266;16;;;273;9;274;16;;;270.0;-2.79510498046875
39;83500;VEV_5000;268;9;267;14;;;274;9;275;14;;;271.0;-1.7296142578125
39;83600;VEV_5000;268;8;267;23;;;274;8;275;23;;;271.0;-2.141571044921875
39;83700;VEV_5000;267;6;266;18;;;273;6;274;18;;;270.0;-2.92242431640625
39;83800;VEV_5000;268;6;267;20;;;275;26;;;;;271.5;-1.64215087890625
39;83900;VEV_5000;268;20;;;;;275;20;;;;;271.5;-1.50164794921875
39;84000;VEV_5000;268;9;267;14;;;274;9;275;14;;;271.0;-1.76165771484375
39;84100;VEV_5000;269;9;268;19;;;275;9;276;19;;;272.0;-0.96795654296875
39;84200;VEV_5000;269;7;268;15;;;275;7;276;15;;;272.0;-1.00146484375
39;84300;VEV_5000;269;9;268;20;;;275;9;276;20;;;272.0;-0.82470703125
39;84400;VEV_5000;271;8;270;15;;;277;8;278;15;;;274.0;0.75897216796875
39;84500;VEV_5000;272;20;;;;;279;8;280;12;;;275.5;2.64288330078125
39;84600;VEV_5000;273;12;272;18;;;280;30;;;;;276.5;3.31829833984375
39;84700;VEV_5000;275;10;274;15;;;281;10;282;15;;;278.0;5.015960693359375
39;84800;VEV_5000;273;31;;;;;280;31;;;;;276.5;3.48614501953125
39;84900;VEV_5000;271;8;270;12;;;277;8;278;12;;;274.0;0.8792724609375
39;85000;VEV_5000;269;32;;;;;276;32;;;;;272.5;-0.578399658203125
39;85100;VEV_5000;268;7;267;16;;;275;23;;;;;271.5;-1.70550537109375
39;85200;VEV_5000;268;10;267;15;;;275;25;;;;;271.5;-1.624908447265625
39;85300;VEV_5000;268;8;267;16;;;275;24;;;;;271.5;-1.665802001953125
39;85400;VEV_5000;268;12;267;23;;;275;35;;;;;271.5;-1.689788818359375
39;85500;VEV_5000;270;6;269;13;;;276;6;277;13;;;273.0;0.207275390625
39;85600;VEV_5000;270;7;269;20;;;276;7;277;20;;;273.0;0.127227783203125
39;85700;VEV_5000;271;8;270;12;;;278;20;;;;;274.5;1.287078857421875
39;85800;VEV_5000;269;11;268;13;;;276;24;;;;;272.5;-0.64453125
39;85900;VEV_5000;268;11;267;15;;;274;11;275;15;;;271.0;-1.846466064453125
39;86000;VEV_5000;269;10;268;15;;;275;10;276;15;;;272.0;-1.236907958984375
39;86100;VEV_5000;269;34;;;;;276;11;277;23;;;272.5;-0.2843017578125
39;86200;VEV_5000;269;11;268;21;;;276;32;;;;;272.5;-0.599639892578125
39;86300;VEV_5000;269;9;268;17;;;275;9;276;17;;;272.0;-0.916290283203125
39;86400;VEV_5000;270;6;269;19;;;276;6;277;19;;;273.0;-0.198944091796875
39;86500;VEV_5000;270;8;269;19;;;276;8;277;19;;;273.0;0.060546875
39;86600;VEV_5000;269;8;268;18;;;275;8;276;18;;;272.0;-1.142303466796875
39;86700;VEV_5000;268;7;267;18;;;274;7;275;18;;;271.0;-2.1240234375
39;86800;VEV_5000;267;32;;;;;274;9;275;23;;;270.5;-2.33197021484375
39;86900;VEV_5000;269;11;268;15;;;275;11;276;15;;;272.0;-1.032196044921875
39;87000;VEV_5000;269;6;268;22;;;275;6;276;22;;;272.0;-1.2288818359375
39;87100;VEV_5000;270;12;269;12;;;276;12;277;12;;;273.0;-0.015289306640625
39;87200;VEV_5000;269;26;;;;;276;9;277;17;;;272.5;-0.309478759765625
39;87300;VEV_5000;270;24;;;;;277;24;;;;;273.5;0.535369873046875
39;87400;VEV_5000;270;22;;;;;277;22;;;;;273.5;0.4990234375
39;87500;VEV_5000;270;20;;;;;277;20;;;;;273.5;0.555328369140625
39;87600;VEV_5000;271;10;270;14;;;277;10;278;14;;;274.0;0.762786865234375
39;87700;VEV_5000;270;11;269;14;;;276;11;277;14;;;273.0;0.24658203125
39;87800;VEV_5000;270;12;269;23;;;276;12;277;23;;;273.0;0.104278564453125
39;87900;VEV_5000;271;11;270;16;;;277;11;278;16;;;274.0;0.907073974609375
39;88000;VEV_5000;270;7;269;12;;;276;7;277;12;;;273.0;0.20428466796875
39;88100;VEV_5000;269;6;268;15;;;275;6;276;15;;;272.0;-1.0823974609375
39;88200;VEV_5000;269;7;268;22;;;275;7;276;22;;;272.0;-1.156219482421875
39;88300;VEV_5000;268;6;267;19;;;274;6;275;19;;;271.0;-2.020050048828125
39;88400;VEV_5000;268;12;267;19;;;274;12;275;19;;;271.0;-1.91265869140625
39;88500;VEV_5000;269;11;268;19;;;276;30;;;;;272.5;-0.69598388671875
39;88600;VEV_5000;270;8;269;19;;;276;8;277;19;;;273.0;-0.253875732421875
39;88700;VEV_5000;269;27;;;;;276;9;277;18;;;272.5;-0.300445556640625
39;88800;VEV_5000;270;10;269;12;;;276;10;277;12;;;273.0;-0.269287109375
39;88900;VEV_5000;270;33;;;;;277;33;;;;;273.5;0.501800537109375
39;89000;VEV_5000;269;8;268;13;;;275;8;276;13;;;272.0;-0.8564453125
39;89100;VEV_5000;268;10;267;20;;;275;30;;;;;271.5;-1.653594970703125
39;89200;VEV_5000;270;10;269;12;;;276;10;277;12;;;273.0;-0.1669921875
39;89300;VEV_5000;269;11;268;16;;;276;27;;;;;272.5;-0.619659423828125
39;89400;VEV_5000;269;8;268;12;;;276;20;;;;;272.5;-0.635284423828125
39;89500;VEV_5000;269;6;268;20;;;275;6;276;20;;;272.0;-1.161376953125
39;89600;VEV_5000;268;11;267;15;;;274;11;275;15;;;271.0;-1.7816162109375
39;89700;VEV_5000;267;9;266;16;;;273;9;274;16;;;270.0;-3.272003173828125
39;89800;VEV_5000;267;25;;;;;274;25;;;;;270.5;-2.412322998046875
39;89900;VEV_5000;268;11;267;22;;;275;33;;;;;271.5;-1.693206787109375
39;90000;VEV_5000;268;21;;;;;275;8;276;13;;;271.5;-1.390472412109375
39;90100;VEV_5000;268;9;267;20;;;275;29;;;;;271.5;-1.7103271484375
39;90200;VEV_5000;268;12;267;15;;;275;27;;;;;271.5;-1.63690185546875
39;90300;VEV_5000;268;12;267;16;;;274;12;275;16;;;271.0;-1.8934326171875
39;90400;VEV_5000;269;6;268;15;;;275;6;276;15;;;272.0;-1.04754638671875
39;90500;VEV_5000;268;24;;;;;275;9;276;15;;;271.5;-1.3201904296875
39;90600;VEV_5000;267;28;;;;;274;6;275;22;;;270.5;-2.331817626953125
39;90700;VEV_5000;267;7;266;23;;;274;30;;;;;270.5;-2.671295166015625
39;90800;VEV_5000;266;8;265;18;;;272;8;273;18;;;269.0;-4.148223876953125
39;90900;VEV_5000;266;9;265;13;;;273;22;;;;;269.5;-3.645843505859375
39;91000;VEV_5000;265;11;264;14;;;271;11;272;14;;;268.0;-4.832733154296875
39;91100;VEV_5000;265;11;264;17;;;271;11;272;17;;;268.0;-4.68756103515625
39;91200;VEV_5000;265;9;264;14;;;271;9;272;14;;;268.0;-4.686279296875
39;91300;VEV_5000;267;11;266;16;;;273;11;274;16;;;270.0;-3.3001708984375
39;91400;VEV_5000;268;8;267;22;;;274;8;275;22;;;271.0;-1.744842529296875
39;91500;VEV_5000;267;18;;;;;274;18;;;;;270.5;-2.539794921875
39;91600;VEV_5000;268;8;267;20;;;274;8;275;20;;;271.0;-2.03857421875
39;91700;VEV_5000;266;30;;;;;273;9;274;21;;;269.5;-3.318817138671875
39;91800;VEV_5000;267;10;266;12;;;273;10;274;12;;;270.0;-3.195343017578125
39;91900;VEV_5000;266;8;265;23;;;272;8;273;23;;;269.0;-3.8189697265625
39;92000;VEV_5000;268;23;;;;;275;8;276;15;;;271.5;-1.382110595703125
39;92100;VEV_5000;267;7;266;17;;;273;7;274;17;;;270.0;-2.768035888671875
39;92200;VEV_5000;268;12;267;16;;;274;12;275;16;;;271.0;-1.86798095703125
39;92300;VEV_5000;267;6;266;19;;;273;6;274;19;;;270.0;-2.875732421875
39;92400;VEV_5000;267;10;266;14;;;273;10;274;14;;;270.0;-2.83111572265625
39;92500;VEV_5000;268;7;267;16;;;274;7;275;16;;;271.0;-2.260162353515625
39;92600;VEV_5000;268;7;267;22;;;274;7;275;22;;;271.0;-1.811431884765625
39;92700;VEV_5000;268;30;;;;;275;30;;;;;271.5;-1.40435791015625
39;92800;VEV_5000;270;9;269;24;;;276;9;277;24;;;273.0;-0.126190185546875
39;92900;VEV_5000;270;28;;;;;277;28;;;;;273.5;0.575714111328125
39;93000;VEV_5000;271;9;270;13;;;277;9;278;13;;;274.0;0.7547607421875
39;93100;VEV_5000;271;12;270;12;;;277;12;278;12;;;274.0;0.81317138671875
39;93200;VEV_5000;269;28;;;;;276;28;;;;;272.5;-0.52459716796875
39;93300;VEV_5000;269;12;268;15;;;275;12;276;15;;;272.0;-1.072418212890625
39;93400;VEV_5000;268;12;267;15;;;274;12;275;15;;;271.0;-1.888946533203125
39;93500;VEV_5000;268;25;;;;;275;9;276;16;;;271.5;-1.356292724609375
39;93600;VEV_5000;268;6;267;17;;;274;6;275;17;;;271.0;-2.253631591796875
39;93700;VEV_5000;267;21;;;;;274;21;;;;;270.5;-2.5367431640625
39;93800;VEV_5000;269;26;;;;;276;9;277;17;;;272.5;-0.284027099609375
39;93900;VEV_5000;271;9;270;19;;;277;9;278;19;;;274.0;0.91265869140625
39;94000;VEV_5000;270;10;269;23;;;276;10;277;23;;;273.0;-0.191070556640625
39;94100;VEV_5000;268;12;267;17;;;274;12;275;17;;;271.0;-1.755218505859375
39;94200;VEV_5000;268;12;267;16;;;275;28;;;;;271.5;-1.62530517578125
39;94300;VEV_5000;268;26;;;;;275;26;;;;;271.5;-1.39764404296875
39;94400;VEV_5000;268;12;267;21;;;274;12;275;21;;;271.0;-2.138916015625
39;94500;VEV_5000;268;10;267;13;;;274;10;275;13;;;271.0;-2.015228271484375
39;94600;VEV_5000;267;12;266;22;;;273;12;274;22;;;270.0;-2.762481689453125
39;94700;VEV_5000;266;10;265;13;;;272;10;273;13;;;269.0;-4.24969482421875
39;94800;VEV_5000;264;30;;;;;271;30;;;;;267.5;-5.57806396484375
39;94900;VEV_5000;264;25;;;;;271;9;272;16;;;267.5;-5.33148193359375
39;95000;VEV_5000;265;6;264;14;;;271;6;272;14;;;268.0;-5.29766845703125
39;95100;VEV_5000;265;6;264;12;;;271;6;272;12;;;268.0;-4.975830078125
39;95200;VEV_5000;262;8;261;14;;;268;8;269;14;;;265.0;-7.767333984375
39;95300;VEV_5000;261;28;;;;;267;11;268;17;;;264.0;-8.67205810546875
39;95400;VEV_5000;262;8;261;17;;;268;8;269;17;;;265.0;-7.80438232421875
39;95500;VEV_5000;263;10;262;13;;;269;10;270;13;;;266.0;-7.308837890625
39;95600;VEV_5000;263;8;262;21;;;269;8;270;21;;;266.0;-7.099639892578125
39;95700;VEV_5000;263;12;262;24;;;269;12;270;24;;;266.0;-7.101654052734375
39;95800;VEV_5000;262;11;261;13;;;268;11;269;13;;;265.0;-8.120574951171875
39;95900;VEV_5000;262;8;261;12;;;268;8;269;12;;;265.0;-8.01531982421875
39;96000;VEV_5000;262;9;261;14;;;268;9;269;14;;;265.0;-8.20989990234375
39;96100;VEV_5000;262;11;261;22;;;268;11;269;22;;;265.0;-7.8238525390625
39;96200;VEV_5000;263;31;;;;;270;31;;;;;266.5;-6.409515380859375
39;96300;VEV_5000;265;12;264;15;;;271;12;272;15;;;268.0;-5.21282958984375
39;96400;VEV_5000;266;12;265;13;;;272;12;273;13;;;269.0;-4.07000732421875
39;96500;VEV_5000;264;28;;;;;271;28;;;;;267.5;-5.49981689453125
39;96600;VEV_5000;263;8;262;21;;;269;8;270;21;;;266.0;-6.82080078125
39;96700;VEV_5000;264;10;263;17;;;270;10;271;17;;;267.0;-6.138946533203125
39;96800;VEV_5000;263;12;262;24;;;269;12;270;24;;;266.0;-6.741668701171875
39;96900;VEV_5000;264;26;;;;;271;26;;;;;267.5;-5.55889892578125
39;97000;VEV_5000;264;8;263;14;;;270;8;271;14;;;267.0;-6.27056884765625
39;97100;VEV_5000;262;21;;;;;269;21;;;;;265.5;-7.38201904296875
39;97200;VEV_5000;263;12;262;15;;;269;12;270;15;;;266.0;-7.315216064453125
39;97300;VEV_5000;262;8;261;20;;;268;28;;;;;265.0;-8.312347412109375
39;97400;VEV_5000;261;10;260;12;;;267;10;268;12;;;264.0;-8.983642578125
39;97500;VEV_5000;262;6;261;18;;;268;6;269;18;;;265.0;-8.197967529296875
39;97600;VEV_5000;262;11;261;15;;;268;11;269;15;;;265.0;-8.12109375
39;97700;VEV_5000;261;24;;;;;268;24;;;;;264.5;-8.466278076171875
39;97800;VEV_5000;261;11;260;22;;;267;11;268;22;;;264.0;-8.719573974609375
39;97900;VEV_5000;261;21;;;;;268;21;;;;;264.5;-8.413726806640625
39;98000;VEV_5000;263;7;262;22;;;269;7;270;22;;;266.0;-7.300048828125
39;98100;VEV_5000;264;26;;;;;271;26;;;;;267.5;-5.4412841796875
39;98200;VEV_5000;266;6;265;24;;;272;6;273;24;;;269.0;-4.16876220703125
39;98300;VEV_5000;265;21;;;;;272;6;273;15;;;268.5;-4.34967041015625
39;98400;VEV_5000;264;23;;;;;271;23;;;;;267.5;-5.441192626953125
39;98500;VEV_5000;264;25;;;;;271;25;;;;;267.5;-5.482757568359375
39;98600;VEV_5000;266;11;265;12;;;272;11;273;12;;;269.0;-4.106597900390625
39;98700;VEV_5000;265;7;264;17;;;271;7;272;17;;;268.0;-5.024200439453125
39;98800;VEV_5000;264;25;;;;;271;25;;;;;267.5;-5.50927734375
39;98900;VEV_5000;265;6;264;14;;;271;6;272;14;;;268.0;-5.1090087890625
39;99000;VEV_5000;265;10;264;16;;;271;10;272;16;;;268.0;-4.716033935546875
39;99100;VEV_5000;264;7;263;14;;;270;7;271;14;;;267.0;-5.742034912109375
39;99200;VEV_5000;264;8;263;22;;;270;8;271;22;;;267.0;-5.84503173828125
39;99300;VEV_5000;263;33;;;;;270;33;;;;;266.5;-6.559417724609375
39;99400;VEV_5000;264;34;;;;;271;10;272;24;;;267.5;-5.324981689453125
39;99500;VEV_5000;264;9;263;16;;;270;9;271;16;;;267.0;-5.9326171875
39;99600;VEV_5000;264;10;263;17;;;270;10;271;17;;;267.0;-6.134735107421875
39;99700;VEV_5000;263;8;262;12;;;269;8;270;12;;;266.0;-7.051361083984375
39;99800;VEV_5000;264;7;263;17;;;270;7;271;17;;;267.0;-5.94085693359375
39;99900;VEV_5000;264;10;263;16;;;270;10;271;16;;;267.0;-5.796539306640625
