day,ts,buyer,seller,sym,price,side,spread,spr_q,burst_n,fwd_5,fwd_20,fwd_100,ex_fwd_20
1,4500,Mark 01,Mark 22,VEV_5400,18.0,seller_agg,1.0,tight,4,-0.5,-0.5,-3.5,-4.0
1,4500,Mark 01,Mark 22,VEV_5500,8.0,seller_agg,1.0,tight,4,0.0,-0.5,-2.0,-4.0
1,4500,Mark 01,Mark 22,VEV_6000,0.0,seller_agg,1.0,tight,4,0.0,0.0,0.0,-4.0
1,4500,Mark 01,Mark 22,VEV_6500,0.0,seller_agg,1.0,tight,4,0.0,0.0,0.0,-4.0
1,5100,Mark 38,Mark 22,HYDROGEL_PACK,9960.0,buyer_agg,8.0,tight,1,-4.0,-7.0,1.0,-3.5
1,5300,Mark 38,Mark 14,VEV_4000,1264.0,buyer_agg,21.0,tight,1,0.0,-7.0,-20.0,-7.0
1,6100,Mark 55,Mark 01,VELVETFRUIT_EXTRACT,5255.0,buyer_agg,5.0,tight,1,-2.0,-5.0,-21.0,-5.0
1,6200,Mark 38,Mark 14,HYDROGEL_PACK,9955.0,buyer_agg,16.0,tight,1,-2.0,-2.0,9.0,-7.0
1,9400,Mark 55,Mark 49,VELVETFRUIT_EXTRACT,5244.0,buyer_agg,1.0,tight,1,1.5,0.0,-15.0,0.0
1,9600,Mark 01,Mark 22,VEV_5400,16.0,seller_agg,2.0,wide,4,-0.5,-1.0,-3.5,-5.0
1,9600,Mark 01,Mark 22,VEV_5500,7.0,seller_agg,1.0,tight,4,0.0,0.0,-1.0,-5.0
1,9600,Mark 01,Mark 22,VEV_6000,0.0,seller_agg,1.0,tight,4,0.0,0.0,0.0,-5.0
1,9600,Mark 01,Mark 22,VEV_6500,0.0,seller_agg,1.0,tight,4,0.0,0.0,0.0,-5.0
1,10400,Mark 67,Mark 49,VELVETFRUIT_EXTRACT,5240.0,buyer_agg,1.0,tight,1,4.0,2.0,-11.0,2.0
1,11800,Mark 01,Mark 22,VEV_5500,7.0,seller_agg,1.0,tight,3,0.0,-1.0,-1.0,-3.0
1,11800,Mark 01,Mark 22,VEV_6000,0.0,seller_agg,1.0,tight,3,0.0,0.0,0.0,-3.0
1,11800,Mark 01,Mark 22,VEV_6500,0.0,seller_agg,1.0,tight,3,0.0,0.0,0.0,-3.0
1,14300,Mark 55,Mark 01,VELVETFRUIT_EXTRACT,5238.0,buyer_agg,5.0,tight,1,-1.0,-5.5,-1.0,-5.5
1,14800,Mark 01,Mark 55,VELVETFRUIT_EXTRACT,5232.0,seller_agg,5.0,tight,6,-1.0,-4.0,-1.0,-4.0
1,14800,Mark 01,Mark 22,VEV_5300,42.0,seller_agg,2.0,tight,6,0.0,-1.0,0.0,-4.0
1,14800,Mark 01,Mark 22,VEV_5400,14.0,seller_agg,2.0,wide,6,-0.5,-0.5,-0.5,-4.0
1,14800,Mark 01,Mark 22,VEV_5500,6.0,seller_agg,1.0,tight,6,0.0,0.0,0.0,-4.0
1,14800,Mark 01,Mark 22,VEV_6000,0.0,seller_agg,1.0,tight,6,0.0,0.0,0.0,-4.0
1,14800,Mark 01,Mark 22,VEV_6500,0.0,seller_agg,1.0,tight,6,0.0,0.0,0.0,-4.0
1,15000,Mark 38,Mark 14,HYDROGEL_PACK,9966.0,buyer_agg,15.0,tight,1,-1.5,-11.5,-6.5,-4.0
1,16700,Mark 14,Mark 38,VEV_4000,1221.0,seller_agg,10.0,tight,6,6.5,2.0,4.5,-4.5
1,16700,Mark 01,Mark 22,VEV_5300,41.0,seller_agg,2.0,tight,6,0.0,-1.0,-1.0,-4.5
1,16700,Mark 01,Mark 22,VEV_5400,14.0,seller_agg,1.0,tight,6,0.0,-1.0,-0.5,-4.5
1,16700,Mark 01,Mark 22,VEV_5500,6.0,seller_agg,1.0,tight,6,0.0,-0.5,0.0,-4.5
1,16700,Mark 01,Mark 22,VEV_6000,0.0,seller_agg,1.0,tight,6,0.0,0.0,0.0,-4.5
1,16700,Mark 01,Mark 22,VEV_6500,0.0,seller_agg,1.0,tight,6,0.0,0.0,0.0,-4.5
1,17300,Mark 14,Mark 38,VEV_4000,1221.0,seller_agg,21.0,tight,1,2.0,-3.0,4.0,-3.0
1,17400,Mark 67,Mark 22,VELVETFRUIT_EXTRACT,5230.0,buyer_agg,2.0,tight,1,4.0,-0.5,7.5,-0.5
1,17900,Mark 38,Mark 14,VEV_4000,1243.0,buyer_agg,20.0,tight,1,-3.5,-6.5,4.5,-6.5
1,19300,Mark 14,Mark 55,VELVETFRUIT_EXTRACT,5226.0,seller_agg,5.0,tight,1,0.0,0.0,11.0,0.0
1,20200,Mark 14,Mark 55,VELVETFRUIT_EXTRACT,5224.0,seller_agg,5.0,tight,1,1.0,1.0,11.0,1.0
1,22800,Mark 14,Mark 38,HYDROGEL_PACK,9946.0,seller_agg,16.0,tight,1,-3.0,-1.0,2.0,2.0
1,25700,Mark 38,Mark 14,VEV_4000,1241.0,buyer_agg,20.0,tight,1,-0.5,7.5,3.0,7.0
1,29300,Mark 14,Mark 55,VELVETFRUIT_EXTRACT,5237.0,seller_agg,5.0,tight,1,2.0,-7.5,-5.0,-7.5
1,30800,Mark 14,Mark 38,HYDROGEL_PACK,9940.0,seller_agg,16.0,tight,1,-1.0,8.0,-3.0,2.5
1,31400,Mark 38,Mark 14,HYDROGEL_PACK,9953.0,buyer_agg,16.0,tight,1,0.5,10.0,-1.0,7.0
1,31700,Mark 55,Mark 01,VELVETFRUIT_EXTRACT,5237.0,buyer_agg,5.0,tight,1,1.5,1.0,-6.5,1.0
1,32000,Mark 14,Mark 38,HYDROGEL_PACK,9938.0,seller_agg,16.0,tight,1,6.0,5.0,5.0,-1.0
1,32600,Mark 55,Mark 01,VELVETFRUIT_EXTRACT,5240.0,buyer_agg,5.0,tight,1,2.5,-2.5,-7.0,-2.5
1,32800,Mark 67,Mark 22,VELVETFRUIT_EXTRACT,5238.0,buyer_agg,2.0,tight,1,2.5,-1.5,-5.5,-1.5
1,33600,Mark 14,Mark 38,HYDROGEL_PACK,9948.0,seller_agg,16.0,tight,1,-6.0,-2.0,6.5,-3.0
1,36200,Mark 38,Mark 14,VEV_4000,1244.0,buyer_agg,21.0,tight,1,-0.5,-1.5,15.0,-0.5
1,36500,Mark 22,Mark 55,VELVETFRUIT_EXTRACT,5232.0,seller_agg,3.0,tight,1,-3.0,-2.0,13.0,-2.0
1,37400,Mark 14,Mark 38,HYDROGEL_PACK,9936.0,seller_agg,16.0,tight,1,7.0,-1.0,25.0,0.0
1,38500,Mark 01,Mark 22,VEV_5500,6.0,seller_agg,1.0,tight,3,0.0,0.0,1.0,2.0
1,38500,Mark 01,Mark 22,VEV_6000,0.0,seller_agg,1.0,tight,3,0.0,0.0,0.0,2.0
1,38500,Mark 01,Mark 22,VEV_6500,0.0,seller_agg,1.0,tight,3,0.0,0.0,0.0,2.0
1,38700,Mark 01,Mark 55,VELVETFRUIT_EXTRACT,5228.0,seller_agg,6.0,wide,1,3.5,1.0,14.5,1.0
1,39400,Mark 22,Mark 49,VELVETFRUIT_EXTRACT,5234.0,buyer_agg,1.0,tight,2,2.0,-5.0,11.0,-5.0
1,39400,Mark 67,Mark 49,VELVETFRUIT_EXTRACT,5233.0,buyer_agg,1.0,tight,2,2.0,-5.0,11.0,-5.0
1,39800,Mark 01,Mark 55,VELVETFRUIT_EXTRACT,5232.0,seller_agg,6.0,wide,1,-2.0,-5.5,11.5,-5.5
1,40400,Mark 01,Mark 22,VEV_5300,41.0,seller_agg,2.0,tight,5,0.0,-1.0,5.0,-2.0
1,40400,Mark 01,Mark 22,VEV_5400,14.0,seller_agg,1.0,tight,5,-0.5,-0.5,2.0,-2.0
1,40400,Mark 01,Mark 22,VEV_5500,6.0,seller_agg,1.0,tight,5,0.0,0.0,1.0,-2.0
1,40400,Mark 01,Mark 22,VEV_6000,0.0,seller_agg,1.0,tight,5,0.0,0.0,0.0,-2.0
1,40400,Mark 01,Mark 22,VEV_6500,0.0,seller_agg,1.0,tight,5,0.0,0.0,0.0,-2.0
1,40900,Mark 38,Mark 14,HYDROGEL_PACK,9951.0,buyer_agg,16.0,tight,1,1.0,10.0,36.0,-2.0
1,41300,Mark 38,Mark 14,HYDROGEL_PACK,9953.0,buyer_agg,16.0,tight,1,1.0,14.0,31.0,3.5
1,43400,Mark 01,Mark 22,VEV_5400,13.0,seller_agg,2.0,wide,4,0.5,2.0,1.5,8.5
1,43400,Mark 01,Mark 22,VEV_5500,6.0,seller_agg,1.0,tight,4,0.0,0.5,1.0,8.5
1,43400,Mark 01,Mark 22,VEV_6000,0.0,seller_agg,1.0,tight,4,0.0,0.0,0.0,8.5
1,43400,Mark 01,Mark 22,VEV_6500,0.0,seller_agg,1.0,tight,4,0.0,0.0,0.0,8.5
1,43600,Mark 01,Mark 55,VELVETFRUIT_EXTRACT,5229.0,seller_agg,5.0,tight,1,4.5,10.5,12.0,10.5
1,43900,Mark 14,Mark 38,HYDROGEL_PACK,9952.0,seller_agg,16.0,tight,1,7.0,9.0,6.0,13.0
1,45200,Mark 14,Mark 38,HYDROGEL_PACK,9961.0,seller_agg,16.0,tight,1,3.0,4.0,-23.0,4.0
1,45400,Mark 67,Mark 22,VELVETFRUIT_EXTRACT,5241.0,buyer_agg,2.0,tight,1,7.5,6.0,7.5,6.0
1,47700,Mark 01,Mark 55,VELVETFRUIT_EXTRACT,5243.0,seller_agg,2.0,tight,1,0.5,1.5,3.5,1.5
1,48300,Mark 14,Mark 38,HYDROGEL_PACK,9960.0,seller_agg,15.0,tight,1,-1.5,12.5,-13.5,0.5
1,48900,Mark 01,Mark 55,VELVETFRUIT_EXTRACT,5241.0,seller_agg,5.0,tight,1,0.0,-0.5,2.0,-0.5
1,49800,Mark 01,Mark 55,VELVETFRUIT_EXTRACT,5244.0,seller_agg,5.0,tight,1,-0.5,1.0,0.5,1.0
1,50200,Mark 14,Mark 38,VEV_4000,1236.0,seller_agg,21.0,tight,1,-7.5,0.0,1.0,0.0
1,50300,Mark 38,Mark 14,VEV_4000,1257.0,buyer_agg,21.0,tight,1,-3.0,1.0,1.0,1.5
1,50700,Mark 01,Mark 22,VEV_5400,16.0,seller_agg,1.0,tight,4,0.0,0.5,0.0,2.0
1,50700,Mark 01,Mark 22,VEV_5500,7.0,seller_agg,1.0,tight,4,0.0,0.0,0.0,2.0
1,50700,Mark 01,Mark 22,VEV_6000,0.0,seller_agg,1.0,tight,4,0.0,0.0,0.0,2.0
1,50700,Mark 01,Mark 22,VEV_6500,0.0,seller_agg,1.0,tight,4,0.0,0.0,0.0,2.0
1,51700,Mark 14,Mark 55,VELVETFRUIT_EXTRACT,5243.0,seller_agg,5.0,tight,1,1.0,0.0,0.0,0.0
1,52400,Mark 14,Mark 38,HYDROGEL_PACK,9961.0,seller_agg,16.0,tight,1,0.0,-15.0,-29.0,-1.0
1,52800,Mark 01,Mark 22,VEV_5400,16.0,seller_agg,1.0,tight,4,0.0,0.0,-0.5,-3.0
1,52800,Mark 01,Mark 22,VEV_5500,7.0,seller_agg,1.0,tight,4,0.0,0.0,0.0,-3.0
1,52800,Mark 01,Mark 22,VEV_6000,0.0,seller_agg,1.0,tight,4,0.0,0.0,0.0,-3.0
1,52800,Mark 01,Mark 22,VEV_6500,0.0,seller_agg,1.0,tight,4,0.0,0.0,0.0,-3.0
1,53000,Mark 14,Mark 38,HYDROGEL_PACK,9961.0,seller_agg,16.0,tight,1,-1.0,-21.5,-26.5,0.0
1,53400,Mark 14,Mark 22,VEV_5500,7.0,seller_agg,1.0,tight,3,0.0,0.0,0.0,5.0
1,53400,Mark 01,Mark 22,VEV_6000,0.0,seller_agg,1.0,tight,3,0.0,0.0,0.0,5.0
1,53400,Mark 01,Mark 22,VEV_6500,0.0,seller_agg,1.0,tight,3,0.0,0.0,0.0,5.0
1,53800,Mark 38,Mark 14,VEV_4000,1255.0,buyer_agg,21.0,tight,1,-1.0,1.0,-2.0,3.0
1,54400,Mark 14,Mark 38,VEV_4000,1234.0,seller_agg,21.0,tight,1,-1.0,1.0,0.0,1.0
1,57600,Mark 38,Mark 14,VEV_4000,1257.0,buyer_agg,21.0,tight,1,2.0,0.0,0.0,0.0
1,59300,Mark 14,Mark 38,HYDROGEL_PACK,9949.0,seller_agg,16.0,tight,1,-2.0,-5.0,0.5,-2.0
1,59600,Mark 14,Mark 55,VELVETFRUIT_EXTRACT,5244.0,seller_agg,5.0,tight,1,0.0,-1.0,-2.0,-1.0
1,60300,Mark 14,Mark 55,VELVETFRUIT_EXTRACT,5245.0,seller_agg,5.0,tight,1,-1.0,-4.0,-5.0,-4.0
1,61100,Mark 38,Mark 14,HYDROGEL_PACK,9961.0,buyer_agg,16.0,tight,1,0.0,-11.0,10.0,-3.5
1,61400,Mark 38,Mark 14,HYDROGEL_PACK,9962.0,buyer_agg,16.0,tight,1,-6.0,-17.0,7.0,-3.0
1,62100,Mark 14,Mark 55,VELVETFRUIT_EXTRACT,5243.0,seller_agg,5.0,tight,1,-2.0,-4.0,-2.0,-4.0
1,62600,Mark 38,Mark 14,VEV_4000,1254.0,buyer_agg,21.0,tight,1,-1.5,-1.0,-5.0,-1.0
1,63100,Mark 38,Mark 14,VEV_4000,1252.0,buyer_agg,20.0,tight,1,3.5,2.5,-3.5,2.5
1,63200,Mark 38,Mark 14,HYDROGEL_PACK,9950.0,buyer_agg,16.0,tight,2,-5.0,-5.0,29.0,2.0
1,63200,Mark 14,Mark 55,VELVETFRUIT_EXTRACT,5240.0,seller_agg,5.0,tight,2,1.0,2.0,-5.0,2.0
1,64200,Mark 55,Mark 14,VELVETFRUIT_EXTRACT,5245.0,buyer_agg,5.0,tight,1,1.0,-0.5,-5.5,-0.5
1,64300,Mark 14,Mark 38,HYDROGEL_PACK,9933.0,seller_agg,16.0,tight,1,-4.0,10.0,42.0,-1.0
1,65400,Mark 14,Mark 38,HYDROGEL_PACK,9930.0,seller_agg,16.0,tight,1,4.5,18.0,45.0,5.0
1,65700,Mark 14,Mark 55,VELVETFRUIT_EXTRACT,5240.0,seller_agg,5.0,tight,1,-0.5,6.0,-5.0,6.0
1,65900,Mark 14,Mark 38,HYDROGEL_PACK,9935.0,seller_agg,15.0,tight,1,6.0,15.5,40.5,5.0
1,67700,Mark 55,Mark 14,VELVETFRUIT_EXTRACT,5250.0,buyer_agg,3.0,tight,1,-2.0,-4.0,-11.0,-4.0
1,68000,Mark 38,Mark 14,VEV_4000,1258.0,buyer_agg,21.0,tight,1,-1.0,-4.0,-9.0,-4.0
1,69500,Mark 14,Mark 38,HYDROGEL_PACK,9952.0,seller_agg,15.0,tight,1,-2.5,5.5,23.5,-3.0
1,70500,Mark 14,Mark 38,VEV_4000,1232.0,seller_agg,20.0,tight,1,-0.5,-3.0,-4.5,-3.0
1,73400,Mark 22,Mark 49,VELVETFRUIT_EXTRACT,5237.0,buyer_agg,1.0,tight,2,0.0,4.0,0.0,4.0
1,73400,Mark 55,Mark 49,VELVETFRUIT_EXTRACT,5236.0,buyer_agg,1.0,tight,2,0.0,4.0,0.0,4.0
1,73500,Mark 14,Mark 38,HYDROGEL_PACK,9966.0,seller_agg,16.0,tight,1,6.0,6.0,1.0,1.5
1,74100,Mark 01,Mark 22,VEV_5300,42.0,seller_agg,2.0,tight,5,1.0,1.0,-2.0,3.0
1,74100,Mark 01,Mark 22,VEV_5400,14.0,seller_agg,1.0,tight,5,1.0,1.0,-0.5,3.0
1,74100,Mark 01,Mark 22,VEV_5500,6.0,seller_agg,1.0,tight,5,0.0,0.0,0.0,3.0
1,74100,Mark 01,Mark 22,VEV_6000,0.0,seller_agg,1.0,tight,5,0.0,0.0,0.0,3.0
1,74100,Mark 01,Mark 22,VEV_6500,0.0,seller_agg,1.0,tight,5,0.0,0.0,0.0,3.0
1,74300,Mark 55,Mark 14,VELVETFRUIT_EXTRACT,5238.0,buyer_agg,5.0,tight,1,4.5,4.0,-3.0,4.0
1,74400,Mark 14,Mark 55,VELVETFRUIT_EXTRACT,5235.0,seller_agg,5.0,tight,1,2.0,0.0,-5.0,0.0
1,76600,Mark 38,Mark 14,HYDROGEL_PACK,9995.0,buyer_agg,16.0,tight,1,4.0,3.0,-23.0,1.0
1,77300,Mark 55,Mark 14,VELVETFRUIT_EXTRACT,5241.0,buyer_agg,5.0,tight,1,-2.0,1.0,1.0,1.0
1,78300,Mark 14,Mark 38,VEV_4000,1229.0,seller_agg,21.0,tight,1,0.0,-2.0,1.0,-2.0
1,78400,Mark 67,Mark 22,VELVETFRUIT_EXTRACT,5238.0,buyer_agg,2.0,tight,1,0.5,0.5,5.5,0.5
1,78500,Mark 38,Mark 14,HYDROGEL_PACK,10000.0,buyer_agg,16.0,tight,1,-2.5,-11.0,-32.0,-3.5
1,79000,Mark 14,Mark 38,HYDROGEL_PACK,9982.0,seller_agg,15.0,tight,1,-6.5,-7.5,-22.5,-2.5
1,79800,Mark 38,Mark 14,HYDROGEL_PACK,9994.0,buyer_agg,16.0,tight,1,-6.0,-16.0,-21.0,-2.0
1,81300,Mark 14,Mark 38,HYDROGEL_PACK,9970.0,seller_agg,16.0,tight,1,-8.0,-3.0,-20.0,-3.5
1,81700,Mark 38,Mark 14,HYDROGEL_PACK,9980.0,buyer_agg,16.0,tight,1,-3.0,1.0,-14.0,-2.0
1,81900,Mark 38,Mark 14,HYDROGEL_PACK,9978.0,buyer_agg,16.0,tight,1,1.0,2.0,-11.0,-3.5
1,82300,Mark 38,Mark 14,HYDROGEL_PACK,9977.0,buyer_agg,16.0,tight,2,2.0,4.0,-5.0,-5.0
1,82300,Mark 01,Mark 55,VELVETFRUIT_EXTRACT,5235.0,seller_agg,5.0,tight,2,-2.0,-5.0,5.0,-5.0
1,83200,Mark 55,Mark 01,VELVETFRUIT_EXTRACT,5237.0,buyer_agg,6.0,wide,1,1.0,0.5,10.5,0.5
1,84300,Mark 38,Mark 14,VEV_4000,1243.0,buyer_agg,21.0,tight,1,2.0,5.0,11.0,5.0
1,84600,Mark 67,Mark 22,VELVETFRUIT_EXTRACT,5233.0,buyer_agg,2.0,tight,1,4.5,4.5,12.5,4.5
1,85300,Mark 14,Mark 22,VEV_5300,42.0,seller_agg,2.0,tight,5,0.0,1.0,3.0,4.5
1,85300,Mark 01,Mark 22,VEV_5400,14.0,seller_agg,1.0,tight,5,0.0,1.0,1.5,4.5
1,85300,Mark 01,Mark 22,VEV_5500,6.0,seller_agg,1.0,tight,5,0.0,0.0,0.5,4.5
1,85300,Mark 01,Mark 22,VEV_6000,0.0,seller_agg,1.0,tight,5,0.0,0.0,0.0,4.5
1,85300,Mark 01,Mark 22,VEV_6500,0.0,seller_agg,1.0,tight,5,0.0,0.0,0.0,4.5
1,86100,Mark 01,Mark 22,VEV_5400,14.0,seller_agg,2.0,wide,4,-0.5,0.5,0.5,3.5
1,86100,Mark 01,Mark 22,VEV_5500,6.0,seller_agg,1.0,tight,4,0.0,0.0,0.0,3.5
1,86100,Mark 01,Mark 22,VEV_6000,0.0,seller_agg,1.0,tight,4,0.0,0.0,0.0,3.5
1,86100,Mark 01,Mark 22,VEV_6500,0.0,seller_agg,1.0,tight,4,0.0,0.0,0.0,3.5
1,87900,Mark 14,Mark 55,VELVETFRUIT_EXTRACT,5239.0,seller_agg,5.0,tight,1,1.0,1.5,1.0,1.5
1,88500,Mark 67,Mark 22,VELVETFRUIT_EXTRACT,5242.0,buyer_agg,2.0,tight,1,2.0,3.5,4.5,3.5
1,89300,Mark 14,Mark 38,VEV_4000,1232.0,seller_agg,21.0,tight,1,-4.5,-1.0,3.0,-1.0
1,89800,Mark 01,Mark 22,VEV_5300,45.0,seller_agg,2.0,tight,4,0.0,-1.0,1.0,-2.0
1,89800,Mark 01,Mark 22,VEV_5400,15.0,seller_agg,2.0,wide,4,0.0,-0.5,1.0,-2.0
1,89800,Mark 01,Mark 22,VEV_6000,0.0,seller_agg,1.0,tight,4,0.0,0.0,0.0,-2.0
1,89800,Mark 01,Mark 22,VEV_6500,0.0,seller_agg,1.0,tight,4,0.0,0.0,0.0,-2.0
1,91100,Mark 55,Mark 14,VELVETFRUIT_EXTRACT,5244.0,buyer_agg,5.0,tight,1,0.0,2.5,7.0,2.5
1,92000,Mark 55,Mark 14,VELVETFRUIT_EXTRACT,5243.0,buyer_agg,5.0,tight,1,3.0,5.0,3.5,5.0
1,92100,Mark 14,Mark 38,HYDROGEL_PACK,9955.0,seller_agg,16.0,tight,1,3.0,7.0,-11.0,6.0
1,92500,Mark 14,Mark 38,HYDROGEL_PACK,9956.0,seller_agg,16.0,tight,1,-1.0,0.0,-14.5,0.0
1,93700,Mark 55,Mark 01,VELVETFRUIT_EXTRACT,5246.0,buyer_agg,5.0,tight,1,2.0,-2.0,3.0,-2.0
1,93800,Mark 55,Mark 01,VELVETFRUIT_EXTRACT,5246.0,buyer_agg,5.0,tight,1,0.0,-2.0,4.0,-2.0
1,94400,Mark 38,Mark 14,HYDROGEL_PACK,9974.0,buyer_agg,16.0,tight,1,0.0,-2.0,-12.0,0.0
1,97100,Mark 14,Mark 38,HYDROGEL_PACK,9950.0,seller_agg,16.0,tight,1,1.0,-6.0,2.0,3.0
1,98600,Mark 38,Mark 14,HYDROGEL_PACK,9962.0,buyer_agg,16.0,tight,1,-2.0,-1.5,10.0,-0.5
1,99000,Mark 38,Mark 14,HYDROGEL_PACK,9961.0,buyer_agg,16.0,tight,1,-1.5,-9.0,11.0,2.0
1,100500,Mark 55,Mark 14,VELVETFRUIT_EXTRACT,5248.0,buyer_agg,5.0,tight,1,2.5,0.0,22.0,0.0
1,101400,Mark 14,Mark 38,HYDROGEL_PACK,9936.0,seller_agg,16.0,tight,1,7.0,4.0,13.0,-5.0
1,101500,Mark 14,Mark 38,HYDROGEL_PACK,9935.0,seller_agg,16.0,tight,1,8.0,5.0,14.0,-3.0
1,102500,Mark 14,Mark 38,VEV_4000,1235.0,seller_agg,21.0,tight,1,2.0,4.0,17.5,4.0
1,102800,Mark 14,Mark 38,VEV_4000,1236.0,seller_agg,21.0,tight,1,0.0,3.0,15.0,2.5
1,103100,Mark 38,Mark 14,HYDROGEL_PACK,9952.0,buyer_agg,16.0,tight,1,7.0,6.0,6.0,8.0
1,103500,Mark 14,Mark 38,HYDROGEL_PACK,9940.0,seller_agg,16.0,tight,1,5.0,-2.5,-1.0,10.0
1,104400,Mark 55,Mark 14,VELVETFRUIT_EXTRACT,5252.0,buyer_agg,5.0,tight,1,1.0,9.5,16.0,9.5
1,107100,Mark 14,Mark 38,HYDROGEL_PACK,9952.0,seller_agg,16.0,tight,1,0.0,5.0,-1.0,6.5
1,107900,Mark 55,Mark 01,VELVETFRUIT_EXTRACT,5267.0,buyer_agg,6.0,wide,1,0.0,6.5,-6.5,6.5
1,109000,Mark 67,Mark 49,VELVETFRUIT_EXTRACT,5265.0,buyer_agg,1.0,tight,1,4.0,0.0,-7.0,0.0
1,109100,Mark 14,Mark 38,HYDROGEL_PACK,9957.0,seller_agg,16.0,tight,1,1.0,-6.0,-13.0,-2.0
1,110100,Mark 01,Mark 55,VELVETFRUIT_EXTRACT,5265.0,seller_agg,5.0,tight,1,-1.0,-4.0,-9.0,-4.0
1,112000,Mark 14,Mark 55,VELVETFRUIT_EXTRACT,5260.0,seller_agg,5.0,tight,1,2.0,2.0,1.0,2.0
1,112700,Mark 14,Mark 38,HYDROGEL_PACK,9948.0,seller_agg,16.0,tight,1,-6.0,-11.0,-9.0,2.0
1,113900,Mark 38,Mark 14,HYDROGEL_PACK,9956.0,buyer_agg,16.0,tight,1,0.0,-1.0,-6.0,-3.0
1,115500,Mark 14,Mark 38,HYDROGEL_PACK,9937.0,seller_agg,16.0,tight,1,4.0,24.0,1.0,-3.0
1,118800,Mark 14,Mark 55,VELVETFRUIT_EXTRACT,5257.0,seller_agg,5.0,tight,1,-1.5,1.0,5.0,1.0
1,119400,Mark 38,Mark 14,HYDROGEL_PACK,9962.0,buyer_agg,16.0,tight,1,3.0,-0.5,5.0,5.0
1,120300,Mark 01,Mark 22,VEV_5400,18.0,seller_agg,1.0,tight,4,1.0,1.5,1.0,6.5
1,120300,Mark 01,Mark 22,VEV_5500,8.0,seller_agg,1.0,tight,4,0.0,0.0,0.0,6.5
1,120300,Mark 01,Mark 22,VEV_6000,0.0,seller_agg,1.0,tight,4,0.0,0.0,0.0,6.5
1,120300,Mark 01,Mark 22,VEV_6500,0.0,seller_agg,1.0,tight,4,0.0,0.0,0.0,6.5
1,120700,Mark 38,Mark 14,HYDROGEL_PACK,9958.0,buyer_agg,16.0,tight,1,4.0,-3.0,5.5,0.0
1,123300,Mark 01,Mark 55,VELVETFRUIT_EXTRACT,5262.0,seller_agg,5.0,tight,1,0.0,-1.0,-0.5,-1.0
1,125600,Mark 55,Mark 14,VELVETFRUIT_EXTRACT,5265.0,buyer_agg,5.0,tight,1,1.0,4.0,-2.0,4.0
1,126000,Mark 38,Mark 14,HYDROGEL_PACK,9953.0,buyer_agg,16.0,tight,1,1.0,10.0,8.0,2.5
1,127200,Mark 01,Mark 22,VEV_5500,8.0,seller_agg,1.0,tight,3,0.5,0.0,0.0,0.5
1,127200,Mark 01,Mark 22,VEV_6000,0.0,seller_agg,1.0,tight,3,0.0,0.0,0.0,0.5
1,127200,Mark 01,Mark 22,VEV_6500,0.0,seller_agg,1.0,tight,3,0.0,0.0,0.0,0.5
1,129100,Mark 38,Mark 14,VEV_4000,1275.0,buyer_agg,22.0,wide,1,0.0,1.5,-6.5,2.5
1,129500,Mark 38,Mark 14,HYDROGEL_PACK,9967.0,buyer_agg,16.0,tight,1,-2.0,-8.0,5.0,2.0
1,129800,Mark 14,Mark 38,HYDROGEL_PACK,9951.0,seller_agg,16.0,tight,1,-0.5,-8.0,9.0,-0.5
1,130800,Mark 14,Mark 38,HYDROGEL_PACK,9946.0,seller_agg,16.0,tight,1,-5.0,6.5,7.0,1.0
1,131300,Mark 49,Mark 55,VELVETFRUIT_EXTRACT,5265.0,seller_agg,3.0,tight,1,-2.5,-2.5,-8.0,-2.5
1,131800,Mark 01,Mark 55,VELVETFRUIT_EXTRACT,5261.0,seller_agg,6.0,wide,1,0.0,3.5,-4.5,3.5
1,132600,Mark 67,Mark 49,VELVETFRUIT_EXTRACT,5263.0,buyer_agg,2.0,tight,1,1.5,-0.5,0.5,-0.5
1,133100,Mark 14,Mark 38,VEV_4000,1253.0,seller_agg,21.0,tight,1,2.5,-1.5,1.5,0.0
1,133700,Mark 14,Mark 38,HYDROGEL_PACK,9948.0,seller_agg,16.0,tight,1,-1.0,1.0,-2.0,-5.5
1,134000,Mark 14,Mark 55,VELVETFRUIT_EXTRACT,5264.0,seller_agg,5.0,tight,1,-5.0,-4.0,-4.5,-4.0
1,134500,Mark 14,Mark 38,HYDROGEL_PACK,9944.0,seller_agg,16.0,tight,1,4.0,-1.0,1.0,1.0
1,135200,Mark 55,Mark 01,VELVETFRUIT_EXTRACT,5264.0,buyer_agg,6.0,wide,1,0.0,-1.0,-0.5,-1.0
1,135500,Mark 14,Mark 55,VELVETFRUIT_EXTRACT,5257.0,seller_agg,5.0,tight,1,3.0,0.0,2.0,0.0
1,135900,Mark 01,Mark 22,VEV_5300,52.0,seller_agg,2.0,tight,5,0.0,-2.0,-0.5,-5.5
1,135900,Mark 01,Mark 22,VEV_5400,19.0,seller_agg,2.0,wide,5,0.0,-1.0,-0.5,-5.5
1,135900,Mark 01,Mark 22,VEV_5500,8.0,seller_agg,1.0,tight,5,0.0,-0.5,0.0,-5.5
1,135900,Mark 01,Mark 22,VEV_6000,0.0,seller_agg,1.0,tight,5,0.0,0.0,0.0,-5.5
1,135900,Mark 01,Mark 22,VEV_6500,0.0,seller_agg,1.0,tight,5,0.0,0.0,0.0,-5.5
1,137000,Mark 14,Mark 38,VEV_4000,1252.0,seller_agg,21.0,tight,1,-3.0,-4.0,2.5,-4.0
1,137300,Mark 14,Mark 38,VEV_4000,1251.0,seller_agg,21.0,tight,1,-3.0,-3.0,6.0,-3.0
1,137600,Mark 38,Mark 14,VEV_4000,1269.0,buyer_agg,21.0,tight,1,-2.0,0.0,10.0,-0.5
1,137800,Mark 14,Mark 38,HYDROGEL_PACK,9942.0,seller_agg,16.0,tight,1,2.5,18.0,16.0,1.5
1,138000,Mark 01,Mark 55,VELVETFRUIT_EXTRACT,5254.0,seller_agg,5.0,tight,1,1.0,2.0,11.0,2.0
1,138100,Mark 38,Mark 14,HYDROGEL_PACK,9959.0,buyer_agg,16.0,tight,1,12.0,14.0,12.0,1.0
1,139700,Mark 67,Mark 22,VELVETFRUIT_EXTRACT,5257.0,buyer_agg,2.0,tight,1,1.5,3.5,9.5,3.5
1,140000,Mark 55,Mark 14,VELVETFRUIT_EXTRACT,5261.0,buyer_agg,5.0,tight,1,-3.0,1.0,8.5,1.0
1,140100,Mark 55,Mark 14,VELVETFRUIT_EXTRACT,5260.0,buyer_agg,5.0,tight,1,-2.0,2.0,8.5,2.0
1,141000,Mark 55,Mark 14,VELVETFRUIT_EXTRACT,5260.0,buyer_agg,5.0,tight,1,1.0,7.0,8.0,7.0
1,142000,Mark 55,Mark 14,VELVETFRUIT_EXTRACT,5262.0,buyer_agg,5.0,tight,1,3.0,2.5,-0.5,2.5
1,144500,Mark 01,Mark 55,VELVETFRUIT_EXTRACT,5258.0,seller_agg,5.0,tight,1,0.5,3.0,-7.5,3.0
1,145500,Mark 01,Mark 22,VEV_5400,19.0,seller_agg,1.0,tight,4,0.5,1.5,-2.5,7.0
1,145500,Mark 01,Mark 22,VEV_5500,8.0,seller_agg,1.0,tight,4,0.0,1.0,-1.0,7.0
1,145500,Mark 01,Mark 22,VEV_6000,0.0,seller_agg,1.0,tight,4,0.0,0.0,0.0,7.0
1,145500,Mark 01,Mark 22,VEV_6500,0.0,seller_agg,1.0,tight,4,0.0,0.0,0.0,7.0
1,145600,Mark 38,Mark 14,HYDROGEL_PACK,9962.0,buyer_agg,16.0,tight,1,3.0,10.0,5.0,6.0
1,146500,Mark 38,Mark 14,HYDROGEL_PACK,9963.0,buyer_agg,16.0,tight,1,4.0,9.0,4.0,1.0
1,146700,Mark 14,Mark 55,VELVETFRUIT_EXTRACT,5260.0,seller_agg,5.0,tight,1,3.0,2.0,-15.0,2.0
1,147900,Mark 14,Mark 38,VEV_4000,1256.0,seller_agg,22.0,wide,1,-2.5,-0.5,-11.5,-2.0
1,148000,Mark 38,Mark 14,HYDROGEL_PACK,9972.0,buyer_agg,16.0,tight,1,0.0,1.0,-9.0,-0.5
1,148300,Mark 22,Mark 55,VELVETFRUIT_EXTRACT,5265.0,seller_agg,3.0,tight,1,-4.0,0.0,-10.0,0.0
1,150600,Mark 01,Mark 22,VEV_5300,53.0,seller_agg,2.0,tight,5,0.0,-4.0,-5.0,-9.0
1,150600,Mark 01,Mark 22,VEV_5400,20.0,seller_agg,1.0,tight,5,0.0,-2.0,-2.0,-9.0
1,150600,Mark 01,Mark 22,VEV_5500,8.0,seller_agg,1.0,tight,5,0.0,-0.5,-1.0,-9.0
1,150600,Mark 01,Mark 22,VEV_6000,0.0,seller_agg,1.0,tight,5,0.0,0.0,0.0,-9.0
1,150600,Mark 01,Mark 22,VEV_6500,0.0,seller_agg,1.0,tight,5,0.0,0.0,0.0,-9.0
1,150700,Mark 55,Mark 01,VELVETFRUIT_EXTRACT,5268.0,buyer_agg,5.0,tight,1,1.0,-8.5,-11.0,-8.5
1,151100,Mark 14,Mark 38,HYDROGEL_PACK,9945.0,seller_agg,16.0,tight,1,3.0,2.0,13.0,-8.5
1,151200,Mark 14,Mark 38,HYDROGEL_PACK,9944.0,seller_agg,16.0,tight,1,0.0,5.0,11.5,-10.0
1,151400,Mark 01,Mark 55,VELVETFRUIT_EXTRACT,5261.0,seller_agg,5.0,tight,1,-3.5,-7.0,-9.0,-7.0
1,152700,Mark 14,Mark 38,HYDROGEL_PACK,9944.0,seller_agg,16.0,tight,1,5.0,3.0,18.0,-2.5
1,153000,Mark 01,Mark 22,VEV_5400,18.0,seller_agg,1.0,tight,4,0.0,-0.5,0.0,-3.0
1,153000,Mark 01,Mark 22,VEV_5500,7.0,seller_agg,2.0,wide,4,-0.5,-0.5,-0.5,-3.0
1,153000,Mark 01,Mark 22,VEV_6000,0.0,seller_agg,1.0,tight,4,0.0,0.0,0.0,-3.0
1,153000,Mark 01,Mark 22,VEV_6500,0.0,seller_agg,1.0,tight,4,0.0,0.0,0.0,-3.0
1,154100,Mark 14,Mark 38,VEV_4000,1242.0,seller_agg,21.0,tight,1,1.0,-4.5,0.0,-4.5
1,155900,Mark 38,Mark 14,HYDROGEL_PACK,9966.0,buyer_agg,15.0,tight,1,-1.5,0.5,10.5,5.5
1,156200,Mark 14,Mark 38,VEV_4000,1237.0,seller_agg,21.0,tight,1,0.0,8.0,3.0,8.0
1,156400,Mark 14,Mark 38,HYDROGEL_PACK,9949.0,seller_agg,16.0,tight,1,5.0,-3.0,13.0,10.5
1,159900,Mark 14,Mark 38,HYDROGEL_PACK,9961.0,seller_agg,16.0,tight,1,-4.0,-8.0,-4.0,-1.0
1,161200,Mark 14,Mark 38,HYDROGEL_PACK,9956.0,seller_agg,15.0,tight,1,3.5,7.5,17.5,1.0
1,163300,Mark 67,Mark 22,VELVETFRUIT_EXTRACT,5254.0,buyer_agg,2.0,tight,1,2.0,-1.5,-4.0,-1.5
1,164000,Mark 14,Mark 55,VELVETFRUIT_EXTRACT,5251.0,seller_agg,5.0,tight,1,-1.0,-3.0,-4.5,-3.0
1,164300,Mark 38,Mark 14,HYDROGEL_PACK,9973.0,buyer_agg,16.0,tight,1,6.0,4.0,12.0,1.0
1,165500,Mark 49,Mark 55,VELVETFRUIT_EXTRACT,5250.0,seller_agg,2.0,tight,1,-0.5,1.5,-3.5,1.5
1,167300,Mark 14,Mark 38,HYDROGEL_PACK,9957.0,seller_agg,16.0,tight,1,-5.0,1.0,33.0,-2.0
1,167600,Mark 01,Mark 55,VELVETFRUIT_EXTRACT,5249.0,seller_agg,6.0,wide,2,1.5,2.5,-6.5,2.5
1,167600,Mark 14,Mark 38,VEV_4000,1242.0,seller_agg,21.0,tight,2,1.0,2.0,-7.0,2.5
1,168400,Mark 14,Mark 55,VELVETFRUIT_EXTRACT,5248.0,seller_agg,5.0,tight,1,-1.0,-1.0,-1.0,-1.0
1,168500,Mark 38,Mark 14,VEV_4000,1261.0,buyer_agg,11.0,tight,1,-5.0,-12.5,-7.0,-1.5
1,168700,Mark 38,Mark 14,VEV_4000,1260.0,buyer_agg,21.0,tight,1,1.0,0.0,-1.0,-0.5
1,170400,Mark 01,Mark 22,VEV_5400,17.0,seller_agg,1.0,tight,4,0.0,0.0,-0.5,-1.0
1,170400,Mark 01,Mark 22,VEV_5500,7.0,seller_agg,1.0,tight,4,0.0,0.0,0.0,-1.0
1,170400,Mark 01,Mark 22,VEV_6000,0.0,seller_agg,1.0,tight,4,0.0,0.0,0.0,-1.0
1,170400,Mark 01,Mark 22,VEV_6500,0.0,seller_agg,1.0,tight,4,0.0,0.0,0.0,-1.0
1,170500,Mark 14,Mark 22,VEV_5300,46.0,seller_agg,2.0,tight,4,-1.0,0.0,-1.0,1.0
1,170500,Mark 01,Mark 22,VEV_5500,7.0,seller_agg,1.0,tight,4,0.0,0.0,0.0,1.0
1,170500,Mark 01,Mark 22,VEV_6000,0.0,seller_agg,1.0,tight,4,0.0,0.0,0.0,1.0
1,170500,Mark 01,Mark 22,VEV_6500,0.0,seller_agg,1.0,tight,4,0.0,0.0,0.0,1.0
1,170900,Mark 38,Mark 14,VEV_4000,1260.0,buyer_agg,21.0,tight,1,2.0,-2.0,-2.0,-3.5
1,171400,Mark 38,Mark 14,HYDROGEL_PACK,9992.0,buyer_agg,16.0,tight,1,-7.0,-13.0,25.0,-4.0
1,171700,Mark 01,Mark 55,VELVETFRUIT_EXTRACT,5248.0,seller_agg,5.0,tight,1,0.0,-2.0,-5.0,-2.0
1,172400,Mark 14,Mark 38,VEV_4000,1238.0,seller_agg,21.0,tight,1,-1.0,-4.0,-4.0,-4.0
1,172500,Mark 01,Mark 22,VEV_5300,46.0,seller_agg,2.0,tight,5,-1.0,-2.0,-2.0,-5.5
1,172500,Mark 01,Mark 22,VEV_5400,17.0,seller_agg,1.0,tight,5,-0.5,-1.0,-1.0,-5.5
1,172500,Mark 01,Mark 22,VEV_5500,7.0,seller_agg,1.0,tight,5,0.0,-0.5,-0.5,-5.5
1,172500,Mark 01,Mark 22,VEV_6000,0.0,seller_agg,1.0,tight,5,0.0,0.0,0.0,-5.5
1,172500,Mark 01,Mark 22,VEV_6500,0.0,seller_agg,1.0,tight,5,0.0,0.0,0.0,-5.5
1,174200,Mark 38,Mark 14,HYDROGEL_PACK,9988.0,buyer_agg,16.0,tight,1,1.0,17.0,34.0,2.0
1,174400,Mark 38,Mark 14,HYDROGEL_PACK,9991.0,buyer_agg,15.0,tight,1,2.5,17.5,32.5,3.5
1,178000,Mark 14,Mark 38,HYDROGEL_PACK,9988.0,seller_agg,16.0,tight,1,-2.0,6.0,30.0,-2.5
1,179200,Mark 01,Mark 55,VELVETFRUIT_EXTRACT,5243.0,seller_agg,5.0,tight,1,2.0,1.0,-9.0,1.0
1,180100,Mark 55,Mark 01,VELVETFRUIT_EXTRACT,5248.0,buyer_agg,5.0,tight,1,3.0,-2.0,-7.0,-2.0
1,182100,Mark 14,Mark 38,HYDROGEL_PACK,10012.0,seller_agg,16.0,tight,1,-1.0,-7.0,2.0,-2.0
1,182800,Mark 14,Mark 38,HYDROGEL_PACK,10010.0,seller_agg,16.0,tight,1,-9.5,2.0,-3.0,-5.5
1,184200,Mark 38,Mark 14,VEV_4000,1251.0,buyer_agg,21.0,tight,1,1.0,-5.0,-4.0,-5.0
1,185800,Mark 38,Mark 14,HYDROGEL_PACK,10040.0,buyer_agg,16.0,tight,1,-9.0,-6.0,-28.0,-8.0
1,187400,Mark 55,Mark 01,VELVETFRUIT_EXTRACT,5235.0,buyer_agg,6.0,wide,1,-0.5,6.5,5.5,6.5
1,187600,Mark 55,Mark 01,VELVETFRUIT_EXTRACT,5235.0,buyer_agg,6.0,wide,1,-2.0,8.5,4.5,8.5
1,188400,Mark 14,Mark 38,HYDROGEL_PACK,10021.0,seller_agg,16.0,tight,1,-3.0,-3.0,-26.0,5.0
1,188800,Mark 22,Mark 55,VELVETFRUIT_EXTRACT,5232.0,seller_agg,3.0,tight,1,4.0,4.0,8.0,4.0
1,190100,Mark 01,Mark 22,VEV_5300,42.0,seller_agg,2.0,tight,5,-1.0,-1.0,0.0,-1.5
1,190100,Mark 01,Mark 22,VEV_5400,15.0,seller_agg,1.0,tight,5,-0.5,-0.5,0.0,-1.5
1,190100,Mark 01,Mark 22,VEV_5500,6.0,seller_agg,1.0,tight,5,0.0,0.0,0.0,-1.5
1,190100,Mark 01,Mark 22,VEV_6000,0.0,seller_agg,1.0,tight,5,0.0,0.0,0.0,-1.5
1,190100,Mark 01,Mark 22,VEV_6500,0.0,seller_agg,1.0,tight,5,0.0,0.0,0.0,-1.5
1,190600,Mark 14,Mark 55,VELVETFRUIT_EXTRACT,5234.0,seller_agg,5.0,tight,1,3.0,-3.0,4.0,-3.0
1,190700,Mark 55,Mark 14,VELVETFRUIT_EXTRACT,5239.0,buyer_agg,5.0,tight,1,3.0,-3.0,5.0,-3.0
1,191100,Mark 14,Mark 55,VELVETFRUIT_EXTRACT,5237.0,seller_agg,5.0,tight,1,-2.0,-4.0,1.0,-4.0
1,192600,Mark 14,Mark 55,VELVETFRUIT_EXTRACT,5231.0,seller_agg,5.0,tight,1,2.0,2.0,10.0,2.0
1,192800,Mark 14,Mark 38,HYDROGEL_PACK,10007.0,seller_agg,16.0,tight,1,1.0,-8.0,10.0,-1.0
1,193400,Mark 38,Mark 14,HYDROGEL_PACK,10026.0,buyer_agg,16.0,tight,1,-3.0,-14.0,3.0,-2.5
1,194200,Mark 38,Mark 14,VEV_4000,1247.0,buyer_agg,21.0,tight,1,-1.5,-1.0,6.0,-1.0
1,194400,Mark 14,Mark 55,VELVETFRUIT_EXTRACT,5234.0,seller_agg,5.0,tight,1,-3.0,-2.0,3.5,-2.0
1,195200,Mark 55,Mark 14,VELVETFRUIT_EXTRACT,5236.0,buyer_agg,5.0,tight,1,1.0,2.5,8.5,2.5
1,195600,Mark 01,Mark 22,VEV_5300,41.0,seller_agg,2.0,tight,5,-1.0,1.0,4.0,1.0
1,195600,Mark 01,Mark 22,VEV_5400,14.0,seller_agg,1.0,tight,5,0.0,1.0,2.0,1.0
1,195600,Mark 01,Mark 22,VEV_5500,6.0,seller_agg,1.0,tight,5,0.0,0.0,1.0,1.0
1,195600,Mark 01,Mark 22,VEV_6000,0.0,seller_agg,1.0,tight,5,0.0,0.0,0.0,1.0
1,195600,Mark 01,Mark 22,VEV_6500,0.0,seller_agg,1.0,tight,5,0.0,0.0,0.0,1.0
1,196100,Mark 55,Mark 14,VELVETFRUIT_EXTRACT,5236.0,buyer_agg,5.0,tight,1,0.0,5.0,11.0,5.0
1,196700,Mark 14,Mark 38,VEV_4000,1225.0,seller_agg,21.0,tight,1,0.5,6.0,9.0,6.0
1,197600,Mark 67,Mark 49,VELVETFRUIT_EXTRACT,5237.0,buyer_agg,1.0,tight,1,2.0,0.5,11.5,0.5
1,198900,Mark 55,Mark 14,VELVETFRUIT_EXTRACT,5243.0,buyer_agg,5.0,tight,1,0.0,1.0,6.0,1.0
1,199200,Mark 55,Mark 14,VELVETFRUIT_EXTRACT,5243.0,buyer_agg,5.0,tight,1,-1.0,1.0,7.0,1.0
1,199400,Mark 38,Mark 14,HYDROGEL_PACK,10029.0,buyer_agg,16.0,tight,1,-5.0,-0.5,-7.0,3.0
1,202300,Mark 38,Mark 14,VEV_4000,1252.0,buyer_agg,21.0,tight,1,1.0,0.0,14.0,1.5
1,202700,Mark 38,Mark 14,HYDROGEL_PACK,10033.0,buyer_agg,16.0,tight,1,-3.0,-15.0,-26.0,-1.0
1,203200,Mark 14,Mark 38,HYDROGEL_PACK,10014.0,seller_agg,16.0,tight,1,-3.0,-11.0,-22.0,1.0
1,203700,Mark 55,Mark 14,VELVETFRUIT_EXTRACT,5241.0,buyer_agg,5.0,tight,1,4.0,7.0,18.0,7.0
1,206200,Mark 14,Mark 22,VEV_5400,16.0,seller_agg,1.0,tight,3,0.0,0.5,0.5,3.5
1,206200,Mark 01,Mark 22,VEV_6000,0.0,seller_agg,1.0,tight,3,0.0,0.0,0.0,3.5
1,206200,Mark 01,Mark 22,VEV_6500,0.0,seller_agg,1.0,tight,3,0.0,0.0,0.0,3.5
1,206600,Mark 38,Mark 14,VEV_4000,1255.0,buyer_agg,21.0,tight,1,1.5,2.0,6.0,2.0
1,206800,Mark 01,Mark 55,VELVETFRUIT_EXTRACT,5241.0,seller_agg,5.0,tight,1,2.0,3.0,8.0,3.0
1,207600,Mark 55,Mark 01,VELVETFRUIT_EXTRACT,5251.0,buyer_agg,6.0,wide,1,-0.5,0.5,3.0,0.5
1,210300,Mark 14,Mark 55,VELVETFRUIT_EXTRACT,5250.0,seller_agg,5.0,tight,1,-1.0,3.0,-6.0,3.0
1,210600,Mark 14,Mark 38,HYDROGEL_PACK,9990.0,seller_agg,16.0,tight,1,6.0,4.0,8.0,5.0
1,211100,Mark 14,Mark 38,HYDROGEL_PACK,9996.0,seller_agg,16.0,tight,1,2.0,-2.0,-2.0,3.0
1,213700,Mark 55,Mark 01,VELVETFRUIT_EXTRACT,5259.0,buyer_agg,5.0,tight,1,-3.0,-4.0,-9.0,-4.0
1,214400,Mark 01,Mark 55,VELVETFRUIT_EXTRACT,5250.0,seller_agg,6.0,wide,1,-2.0,-3.5,-5.0,-3.5
1,215000,Mark 14,Mark 55,VELVETFRUIT_EXTRACT,5249.0,seller_agg,5.0,tight,1,2.0,1.5,1.0,1.5
1,216000,Mark 38,Mark 14,VEV_4000,1263.0,buyer_agg,21.0,tight,1,-2.0,1.0,0.0,1.5
1,217100,Mark 55,Mark 14,VELVETFRUIT_EXTRACT,5257.0,buyer_agg,5.0,tight,1,-3.5,-3.0,-0.5,-3.0
1,217500,Mark 38,Mark 14,HYDROGEL_PACK,10011.0,buyer_agg,16.0,tight,1,-2.0,1.0,-22.0,-0.5
1,217800,Mark 38,Mark 14,VEV_4000,1263.0,buyer_agg,21.0,tight,1,0.0,-3.0,1.0,-2.0
1,218500,Mark 38,Mark 14,HYDROGEL_PACK,10017.0,buyer_agg,16.0,tight,1,-4.0,-5.0,-22.0,-5.5
1,218900,Mark 38,Mark 14,HYDROGEL_PACK,10014.0,buyer_agg,16.0,tight,2,-2.0,1.0,-19.0,-7.0
1,218900,Mark 14,Mark 55,VELVETFRUIT_EXTRACT,5249.0,seller_agg,5.0,tight,2,0.0,-7.0,-5.0,-7.0
1,221200,Mark 38,Mark 14,HYDROGEL_PACK,10011.0,buyer_agg,16.0,tight,1,4.0,-8.0,6.0,2.0
1,221800,Mark 14,Mark 55,VELVETFRUIT_EXTRACT,5241.0,seller_agg,5.0,tight,1,3.0,4.5,-0.5,4.5
1,222900,Mark 14,Mark 38,VEV_4000,1236.0,seller_agg,21.0,tight,1,-1.0,4.0,-3.0,4.0
1,223300,Mark 38,Mark 14,VEV_4000,1257.0,buyer_agg,21.0,tight,1,2.0,3.0,-4.0,3.0
1,224100,Mark 38,Mark 14,VEV_4000,1258.0,buyer_agg,21.0,tight,1,1.0,6.5,-4.0,6.5
1,225100,Mark 55,Mark 14,VELVETFRUIT_EXTRACT,5254.0,buyer_agg,5.0,tight,1,-1.0,2.5,-4.5,2.5
1,226100,Mark 14,Mark 38,HYDROGEL_PACK,9974.0,seller_agg,16.0,tight,1,0.0,-1.0,27.0,0.0
1,229100,Mark 38,Mark 14,VEV_4000,1258.0,buyer_agg,21.0,tight,1,-1.0,-4.0,6.0,-3.5
1,230000,Mark 38,Mark 14,HYDROGEL_PACK,9998.0,buyer_agg,16.0,tight,1,7.0,20.0,21.0,-2.0
1,230800,Mark 38,Mark 14,HYDROGEL_PACK,10007.0,buyer_agg,16.0,tight,1,11.0,12.0,24.5,2.0
1,235300,Mark 01,Mark 22,VEV_5400,16.0,seller_agg,1.0,tight,4,0.0,0.5,1.0,5.0
1,235300,Mark 01,Mark 22,VEV_5500,7.0,seller_agg,1.0,tight,4,0.0,0.0,0.0,5.0
1,235300,Mark 01,Mark 22,VEV_6000,0.0,seller_agg,1.0,tight,4,0.0,0.0,0.0,5.0
1,235300,Mark 01,Mark 22,VEV_6500,0.0,seller_agg,1.0,tight,4,0.0,0.0,0.0,5.0
1,235900,Mark 14,Mark 38,HYDROGEL_PACK,9998.0,seller_agg,16.0,tight,1,7.0,13.0,0.0,3.5
1,237900,Mark 55,Mark 01,VELVETFRUIT_EXTRACT,5254.0,buyer_agg,6.0,wide,1,-2.5,4.5,6.0,4.5
1,238200,Mark 38,Mark 14,HYDROGEL_PACK,10025.0,buyer_agg,16.0,tight,1,0.0,-2.0,0.0,5.5
1,239400,Mark 14,Mark 55,VELVETFRUIT_EXTRACT,5251.0,seller_agg,5.0,tight,1,2.0,5.0,12.0,5.0
1,239600,Mark 14,Mark 38,HYDROGEL_PACK,10006.0,seller_agg,16.0,tight,2,-4.0,-2.0,-8.0,6.0
1,239600,Mark 55,Mark 22,VELVETFRUIT_EXTRACT,5255.0,buyer_agg,3.0,tight,2,1.5,6.0,12.0,6.0
1,239700,Mark 38,Mark 14,HYDROGEL_PACK,10021.0,buyer_agg,16.0,tight,1,2.0,-3.0,-8.0,6.0
1,240200,Mark 55,Mark 14,VELVETFRUIT_EXTRACT,5258.0,buyer_agg,5.0,tight,1,2.0,6.0,9.5,6.0
1,240600,Mark 14,Mark 38,HYDROGEL_PACK,10013.0,seller_agg,16.0,tight,1,-5.0,-15.0,-23.0,2.0
1,241900,Mark 14,Mark 38,HYDROGEL_PACK,10005.0,seller_agg,16.0,tight,1,-7.0,-7.5,-19.0,-4.0
1,242900,Mark 67,Mark 22,VELVETFRUIT_EXTRACT,5254.0,buyer_agg,2.0,tight,1,1.5,3.5,12.5,3.5
1,245600,Mark 55,Mark 14,VELVETFRUIT_EXTRACT,5256.0,buyer_agg,5.0,tight,1,2.5,3.0,10.0,3.0
1,248200,Mark 38,Mark 14,HYDROGEL_PACK,10025.0,buyer_agg,16.0,tight,1,0.0,-16.0,-46.0,6.5
1,248300,Mark 01,Mark 55,VELVETFRUIT_EXTRACT,5257.0,seller_agg,5.0,tight,1,4.0,5.0,-1.0,5.0
1,250500,Mark 01,Mark 55,VELVETFRUIT_EXTRACT,5260.0,seller_agg,5.0,tight,1,1.0,2.0,-6.5,2.0
1,250600,Mark 14,Mark 38,VEV_4000,1252.0,seller_agg,21.0,tight,1,1.0,4.5,-5.0,5.0
1,251200,Mark 01,Mark 55,VELVETFRUIT_EXTRACT,5262.0,seller_agg,5.0,tight,1,0.5,-2.0,-7.0,-2.0
1,251600,Mark 38,Mark 14,VEV_4000,1275.0,buyer_agg,21.0,tight,1,-1.0,0.0,-8.0,0.0
1,251900,Mark 67,Mark 49,VELVETFRUIT_EXTRACT,5263.0,buyer_agg,2.0,tight,1,2.5,1.5,-7.0,1.5
1,252400,Mark 55,Mark 14,VELVETFRUIT_EXTRACT,5267.0,buyer_agg,5.0,tight,1,1.0,0.5,-11.5,0.5
1,252500,Mark 14,Mark 38,HYDROGEL_PACK,9988.0,seller_agg,16.0,tight,6,-1.0,-4.0,2.0,0.0
1,252500,Mark 01,Mark 22,VEV_5300,53.0,seller_agg,2.0,tight,6,0.0,0.0,-4.0,0.0
1,252500,Mark 01,Mark 22,VEV_5400,19.0,seller_agg,2.0,wide,6,0.0,0.0,-2.0,0.0
1,252500,Mark 01,Mark 22,VEV_5500,8.0,seller_agg,2.0,wide,6,0.0,0.0,-1.0,0.0
1,252500,Mark 01,Mark 22,VEV_6000,0.0,seller_agg,1.0,tight,6,0.0,0.0,0.0,0.0
1,252500,Mark 01,Mark 22,VEV_6500,0.0,seller_agg,1.0,tight,6,0.0,0.0,0.0,0.0
1,253900,Mark 55,Mark 14,VELVETFRUIT_EXTRACT,5266.0,buyer_agg,5.0,tight,1,1.5,1.0,-9.0,1.0
1,254700,Mark 38,Mark 14,HYDROGEL_PACK,9997.0,buyer_agg,9.0,tight,1,-7.5,-13.5,8.5,2.5
1,255000,Mark 14,Mark 38,HYDROGEL_PACK,9980.0,seller_agg,16.0,tight,1,-10.0,-9.0,13.0,2.5
1,255300,Mark 14,Mark 38,HYDROGEL_PACK,9973.0,seller_agg,16.0,tight,1,-6.0,-8.0,21.0,-0.5
1,255400,Mark 14,Mark 38,HYDROGEL_PACK,9973.0,seller_agg,16.0,tight,1,-3.0,-8.0,19.0,1.5
1,258400,Mark 67,Mark 22,VELVETFRUIT_EXTRACT,5257.0,buyer_agg,2.0,tight,1,2.0,-2.5,-9.5,-2.5
1,262200,Mark 01,Mark 55,VELVETFRUIT_EXTRACT,5250.0,seller_agg,5.0,tight,1,5.0,0.0,7.0,0.0
1,262300,Mark 38,Mark 14,HYDROGEL_PACK,10005.0,buyer_agg,16.0,tight,1,3.0,5.0,-22.0,-2.0
1,262800,Mark 38,Mark 14,HYDROGEL_PACK,10008.0,buyer_agg,16.0,tight,1,3.0,0.0,-25.0,-3.0
1,263100,Mark 38,Mark 14,VEV_4000,1268.0,buyer_agg,21.0,tight,1,-4.0,-5.0,3.0,-5.0
1,263900,Mark 55,Mark 14,VELVETFRUIT_EXTRACT,5257.0,buyer_agg,5.0,tight,1,-2.0,-4.0,5.0,-4.0
1,265400,Mark 67,Mark 49,VELVETFRUIT_EXTRACT,5250.0,buyer_agg,2.0,tight,1,1.5,1.5,9.5,1.5
1,265600,Mark 14,Mark 55,VELVETFRUIT_EXTRACT,5248.0,seller_agg,5.0,tight,1,0.5,-1.5,9.0,-1.5
1,265800,Mark 55,Mark 14,VELVETFRUIT_EXTRACT,5252.0,buyer_agg,5.0,tight,1,3.0,-2.0,9.0,-2.0
1,265900,Mark 14,Mark 38,VEV_4000,1240.0,seller_agg,21.0,tight,1,0.0,-4.0,7.0,-3.0
1,266300,Mark 38,Mark 14,HYDROGEL_PACK,9999.0,buyer_agg,16.0,tight,1,1.0,1.0,-6.0,-6.0
1,266500,Mark 55,Mark 01,VELVETFRUIT_EXTRACT,5253.0,buyer_agg,6.0,wide,1,0.5,-3.5,4.0,-3.5
1,266600,Mark 38,Mark 14,HYDROGEL_PACK,9997.0,buyer_agg,16.0,tight,1,1.0,0.0,-6.0,-1.0
1,267400,Mark 55,Mark 14,VELVETFRUIT_EXTRACT,5253.0,buyer_agg,5.0,tight,1,-3.0,0.0,1.0,0.0
1,268300,Mark 38,Mark 14,VEV_4000,1257.0,buyer_agg,21.0,tight,1,0.0,7.0,9.0,7.5
1,268700,Mark 55,Mark 14,VELVETFRUIT_EXTRACT,5251.0,buyer_agg,5.0,tight,1,1.5,10.5,6.5,10.5
1,269300,Mark 14,Mark 38,HYDROGEL_PACK,9973.0,seller_agg,16.0,tight,2,1.0,-1.0,-6.0,8.0
1,269300,Mark 01,Mark 55,VELVETFRUIT_EXTRACT,5247.0,seller_agg,5.0,tight,2,1.5,8.0,7.0,8.0
1,271600,Mark 14,Mark 38,VEV_4000,1248.0,seller_agg,21.0,tight,1,1.0,2.5,-1.0,2.0
1,272600,Mark 67,Mark 22,VELVETFRUIT_EXTRACT,5261.0,buyer_agg,2.0,tight,1,0.5,-1.5,1.5,-1.5
1,274600,Mark 38,Mark 14,HYDROGEL_PACK,9989.0,buyer_agg,15.0,tight,1,3.0,1.5,-9.5,-6.0
1,275300,Mark 55,Mark 01,VELVETFRUIT_EXTRACT,5259.0,buyer_agg,3.0,tight,1,1.0,-6.0,7.0,-6.0
1,275700,Mark 38,Mark 14,HYDROGEL_PACK,9996.0,buyer_agg,16.0,tight,1,-4.0,-9.0,-14.0,-8.0
1,276500,Mark 55,Mark 14,VELVETFRUIT_EXTRACT,5255.0,buyer_agg,2.0,tight,1,-2.5,1.5,11.5,1.5
1,277400,Mark 55,Mark 14,VELVETFRUIT_EXTRACT,5254.0,buyer_agg,5.0,tight,1,1.5,7.0,15.0,7.0
1,278300,Mark 55,Mark 14,VELVETFRUIT_EXTRACT,5258.0,buyer_agg,5.0,tight,1,1.0,3.0,10.0,3.0
1,279600,Mark 55,Mark 01,VELVETFRUIT_EXTRACT,5260.0,buyer_agg,6.0,wide,1,4.0,0.5,11.0,0.5
1,280500,Mark 38,Mark 14,HYDROGEL_PACK,9973.0,buyer_agg,16.0,tight,1,-5.0,6.0,-13.0,6.0
1,281100,Mark 14,Mark 38,HYDROGEL_PACK,9952.0,seller_agg,16.0,tight,1,4.0,11.0,-2.0,4.0
1,281400,Mark 67,Mark 49,VELVETFRUIT_EXTRACT,5253.0,buyer_agg,1.0,tight,1,4.0,4.0,20.5,4.0
1,281500,Mark 38,Mark 14,VEV_4000,1267.0,buyer_agg,21.0,tight,1,1.0,0.0,17.5,0.0
1,282200,Mark 38,Mark 14,HYDROGEL_PACK,9979.0,buyer_agg,16.0,tight,2,-2.0,5.0,-17.0,-1.0
1,282200,Mark 14,Mark 55,VELVETFRUIT_EXTRACT,5260.0,seller_agg,5.0,tight,2,-2.5,-1.0,10.0,-1.0
1,283400,Mark 55,Mark 14,VELVETFRUIT_EXTRACT,5259.0,buyer_agg,5.0,tight,1,4.0,8.0,14.5,8.0
1,285400,Mark 14,Mark 38,HYDROGEL_PACK,9965.0,seller_agg,16.0,tight,1,5.0,-7.0,-21.0,2.0
1,286300,Mark 55,Mark 01,VELVETFRUIT_EXTRACT,5266.0,buyer_agg,6.0,wide,1,2.5,2.5,11.5,2.5
1,286600,Mark 38,Mark 14,VEV_4000,1277.0,buyer_agg,21.0,tight,1,1.0,0.0,8.0,0.0
1,288800,Mark 38,Mark 14,VEV_4000,1278.0,buyer_agg,21.0,tight,1,-0.5,6.0,0.0,6.0
1,289100,Mark 55,Mark 14,VELVETFRUIT_EXTRACT,5271.0,buyer_agg,5.0,tight,1,-0.5,5.0,0.0,5.0
1,289200,Mark 67,Mark 49,VELVETFRUIT_EXTRACT,5266.0,buyer_agg,1.0,tight,1,4.0,8.0,2.5,8.0
1,290900,Mark 38,Mark 14,HYDROGEL_PACK,9965.0,buyer_agg,16.0,tight,1,-3.0,3.0,-4.0,0.0
1,291400,Mark 55,Mark 49,VELVETFRUIT_EXTRACT,5274.0,buyer_agg,2.0,tight,1,-1.5,-2.0,-4.5,-2.0
1,291800,Mark 67,Mark 22,VELVETFRUIT_EXTRACT,5270.0,buyer_agg,2.0,tight,1,3.5,1.5,-0.5,1.5
1,292400,Mark 55,Mark 01,VELVETFRUIT_EXTRACT,5275.0,buyer_agg,6.0,wide,1,0.5,3.0,-2.5,3.0
1,292800,Mark 14,Mark 38,HYDROGEL_PACK,9951.0,seller_agg,16.0,tight,1,2.0,-8.0,-12.0,5.0
1,295000,Mark 38,Mark 14,HYDROGEL_PACK,9959.0,buyer_agg,16.0,tight,1,2.0,-1.0,8.0,-2.0
1,296900,Mark 01,Mark 55,VELVETFRUIT_EXTRACT,5270.0,seller_agg,6.0,wide,1,-0.5,-4.5,-6.5,-4.5
1,297100,Mark 38,Mark 14,HYDROGEL_PACK,9958.0,buyer_agg,16.0,tight,1,-1.0,3.0,10.0,-5.0
1,297400,Mark 55,Mark 14,VELVETFRUIT_EXTRACT,5275.0,buyer_agg,5.0,tight,1,-1.5,-0.5,-1.0,-0.5
1,297500,Mark 14,Mark 38,VEV_4000,1262.0,seller_agg,22.0,wide,1,-2.5,-2.5,-0.5,-2.0
1,301100,Mark 38,Mark 14,HYDROGEL_PACK,9966.0,buyer_agg,16.0,tight,1,-4.5,-12.0,-29.0,-3.5
1,301300,Mark 38,Mark 14,HYDROGEL_PACK,9967.0,buyer_agg,16.0,tight,1,-11.0,-13.0,-27.5,-5.0
1,302400,Mark 14,Mark 38,HYDROGEL_PACK,9936.0,seller_agg,16.0,tight,1,0.0,9.0,-14.0,-4.0
1,304000,Mark 01,Mark 22,VEV_5400,19.0,seller_agg,2.0,wide,4,0.0,-0.5,-2.0,-1.5
1,304000,Mark 01,Mark 22,VEV_5500,8.0,seller_agg,1.0,tight,4,0.0,0.0,-1.0,-1.5
1,304000,Mark 01,Mark 22,VEV_6000,0.0,seller_agg,1.0,tight,4,0.0,0.0,0.0,-1.5
1,304000,Mark 01,Mark 22,VEV_6500,0.0,seller_agg,1.0,tight,4,0.0,0.0,0.0,-1.5
1,304200,Mark 14,Mark 38,HYDROGEL_PACK,9944.0,seller_agg,16.0,tight,1,7.0,5.0,-17.0,-1.0
1,306500,Mark 38,Mark 14,HYDROGEL_PACK,9967.0,buyer_agg,16.0,tight,1,2.0,-8.0,-27.0,5.5
1,307100,Mark 38,Mark 14,VEV_4000,1279.0,buyer_agg,21.0,tight,1,2.5,-1.5,-22.0,-1.0
1,307500,Mark 55,Mark 01,VELVETFRUIT_EXTRACT,5275.0,buyer_agg,5.0,tight,1,-1.5,-7.0,-25.0,-7.0
1,308000,Mark 14,Mark 38,HYDROGEL_PACK,9943.0,seller_agg,16.0,tight,1,0.0,-15.0,-11.0,-3.5
1,308100,Mark 14,Mark 38,HYDROGEL_PACK,9945.0,seller_agg,16.0,tight,2,-1.0,-18.0,-12.0,-1.5
1,308100,Mark 67,Mark 22,VELVETFRUIT_EXTRACT,5271.0,buyer_agg,2.0,tight,2,-0.5,-1.5,-22.5,-1.5
1,309500,Mark 55,Mark 01,VELVETFRUIT_EXTRACT,5268.0,buyer_agg,5.0,tight,1,2.0,-1.0,-18.5,-1.0
1,310100,Mark 14,Mark 22,VEV_5400,20.0,seller_agg,1.0,tight,4,-0.5,-1.0,-5.0,-4.0
1,310100,Mark 01,Mark 22,VEV_5500,8.0,seller_agg,2.0,wide,4,-0.5,-0.5,-2.5,-4.0
1,310100,Mark 01,Mark 22,VEV_6000,0.0,seller_agg,1.0,tight,4,0.0,0.0,0.0,-4.0
1,310100,Mark 01,Mark 22,VEV_6500,0.0,seller_agg,1.0,tight,4,0.0,0.0,0.0,-4.0
1,310500,Mark 67,Mark 49,VELVETFRUIT_EXTRACT,5266.0,buyer_agg,1.0,tight,1,-1.0,-1.0,-20.5,-1.0
1,310600,Mark 14,Mark 55,VELVETFRUIT_EXTRACT,5264.0,seller_agg,5.0,tight,1,-2.0,-2.5,-20.0,-2.5
1,313000,Mark 55,Mark 01,VELVETFRUIT_EXTRACT,5267.0,buyer_agg,5.0,tight,1,-3.0,-14.0,-11.0,-14.0
1,314500,Mark 14,Mark 55,VELVETFRUIT_EXTRACT,5251.0,seller_agg,5.0,tight,1,-3.0,-6.0,-3.0,-6.0
1,316200,Mark 38,Mark 14,HYDROGEL_PACK,9939.0,buyer_agg,16.0,tight,1,-1.0,9.0,15.0,1.5
1,317100,Mark 14,Mark 38,HYDROGEL_PACK,9929.0,seller_agg,16.0,tight,1,6.0,5.0,4.0,-1.0
1,318300,Mark 38,Mark 14,HYDROGEL_PACK,9950.0,buyer_agg,16.0,tight,1,-3.0,6.0,2.5,-6.0
1,318900,Mark 55,Mark 14,VELVETFRUIT_EXTRACT,5250.0,buyer_agg,5.0,tight,1,1.0,1.0,1.0,1.0
1,321900,Mark 55,Mark 14,VELVETFRUIT_EXTRACT,5253.0,buyer_agg,5.0,tight,1,3.0,1.0,-9.0,1.0
1,322000,Mark 01,Mark 22,VEV_5400,16.0,seller_agg,2.0,wide,4,0.0,0.0,-2.0,2.0
1,322000,Mark 01,Mark 22,VEV_5500,7.0,seller_agg,1.0,tight,4,0.0,0.0,-1.0,2.0
1,322000,Mark 01,Mark 22,VEV_6000,0.0,seller_agg,1.0,tight,4,0.0,0.0,0.0,2.0
1,322000,Mark 01,Mark 22,VEV_6500,0.0,seller_agg,1.0,tight,4,0.0,0.0,0.0,2.0
1,322600,Mark 14,Mark 22,VEV_5200,98.0,seller_agg,2.0,tight,4,0.5,-2.5,-7.5,-4.0
1,322600,Mark 01,Mark 22,VEV_5500,7.0,seller_agg,1.0,tight,4,0.0,-0.5,-1.0,-4.0
1,322600,Mark 01,Mark 22,VEV_6000,0.0,seller_agg,1.0,tight,4,0.0,0.0,0.0,-4.0
1,322600,Mark 01,Mark 22,VEV_6500,0.0,seller_agg,1.0,tight,4,0.0,0.0,0.0,-4.0
1,323300,Mark 38,Mark 14,HYDROGEL_PACK,9956.0,buyer_agg,16.0,tight,2,-7.0,-6.5,1.0,-4.0
1,323300,Mark 38,Mark 14,VEV_4000,1262.0,buyer_agg,21.0,tight,2,1.0,-4.0,-11.0,-4.0
1,324100,Mark 55,Mark 14,VELVETFRUIT_EXTRACT,5254.0,buyer_agg,5.0,tight,1,-2.0,0.0,-4.0,0.0
1,324600,Mark 38,Mark 14,HYDROGEL_PACK,9946.0,buyer_agg,16.0,tight,1,6.0,6.0,21.0,0.5
1,325300,Mark 14,Mark 38,VEV_4000,1237.0,seller_agg,21.0,tight,1,3.0,5.0,0.0,5.0
1,326300,Mark 38,Mark 14,VEV_4000,1261.0,buyer_agg,21.0,tight,1,2.0,1.0,1.0,0.5
1,327600,Mark 14,Mark 38,HYDROGEL_PACK,9928.0,seller_agg,16.0,tight,1,4.0,8.0,8.0,-6.5
1,327700,Mark 38,Mark 14,HYDROGEL_PACK,9946.0,buyer_agg,16.0,tight,1,5.0,8.0,3.0,-3.5
1,328000,Mark 14,Mark 38,VEV_4000,1243.0,seller_agg,21.0,tight,1,-2.0,-7.0,-1.0,-6.5
1,328400,Mark 14,Mark 38,VEV_4000,1240.0,seller_agg,21.0,tight,1,-2.0,-6.0,-1.0,-6.0
1,328500,Mark 14,Mark 55,VELVETFRUIT_EXTRACT,5249.0,seller_agg,5.0,tight,1,-2.0,-6.0,-3.0,-6.0
1,331400,Mark 14,Mark 38,VEV_4000,1232.0,seller_agg,21.0,tight,1,-1.0,-1.0,7.0,-1.0
1,333100,Mark 01,Mark 55,VELVETFRUIT_EXTRACT,5236.0,seller_agg,5.0,tight,1,6.0,11.0,12.0,11.0
1,334900,Mark 14,Mark 38,VEV_4000,1237.0,seller_agg,21.0,tight,1,1.0,5.0,-2.0,6.5
1,335300,Mark 14,Mark 38,HYDROGEL_PACK,9943.0,seller_agg,16.0,tight,2,-5.0,-6.0,3.0,4.0
1,335300,Mark 01,Mark 55,VELVETFRUIT_EXTRACT,5245.0,seller_agg,5.0,tight,2,1.0,4.0,-2.0,4.0
1,335500,Mark 38,Mark 14,HYDROGEL_PACK,9961.0,buyer_agg,16.0,tight,1,-7.0,-9.0,-2.0,6.5
1,338100,Mark 14,Mark 38,HYDROGEL_PACK,9931.0,seller_agg,16.0,tight,1,-3.0,4.0,29.0,-1.5
1,339500,Mark 14,Mark 38,HYDROGEL_PACK,9932.0,seller_agg,16.0,tight,1,1.0,7.0,29.0,-1.0
1,340100,Mark 38,Mark 14,VEV_4000,1260.0,buyer_agg,21.0,tight,1,1.0,2.0,-1.0,1.5
1,340500,Mark 67,Mark 49,VELVETFRUIT_EXTRACT,5249.0,buyer_agg,1.0,tight,1,2.0,1.0,-2.0,1.0
1,342000,Mark 14,Mark 55,VELVETFRUIT_EXTRACT,5249.0,seller_agg,5.0,tight,1,-2.0,-1.5,-7.0,-1.5
1,342400,Mark 14,Mark 38,HYDROGEL_PACK,9944.0,seller_agg,16.0,tight,1,9.0,11.0,7.5,-3.0
1,343100,Mark 38,Mark 14,HYDROGEL_PACK,9966.0,buyer_agg,16.0,tight,1,0.0,-2.0,2.0,-3.5
1,343400,Mark 67,Mark 49,VELVETFRUIT_EXTRACT,5251.0,buyer_agg,1.0,tight,1,1.0,-5.0,-5.5,-5.0
1,344000,Mark 14,Mark 38,HYDROGEL_PACK,9953.0,seller_agg,16.0,tight,1,1.0,-13.0,-8.0,-2.5
1,344200,Mark 55,Mark 01,VELVETFRUIT_EXTRACT,5253.0,buyer_agg,5.0,tight,1,-3.0,-4.0,-7.0,-4.0
1,345700,Mark 38,Mark 14,HYDROGEL_PACK,9957.0,buyer_agg,16.0,tight,2,1.0,20.0,5.0,0.0
1,345700,Mark 14,Mark 55,VELVETFRUIT_EXTRACT,5245.0,seller_agg,5.0,tight,2,-1.0,0.0,-7.0,0.0
1,345900,Mark 38,Mark 14,HYDROGEL_PACK,9958.0,buyer_agg,16.0,tight,1,7.0,15.5,4.0,-1.5
1,348500,Mark 14,Mark 38,HYDROGEL_PACK,9964.0,seller_agg,16.0,tight,1,1.0,-8.0,-20.0,-3.5
1,350300,Mark 01,Mark 22,VEV_5400,15.0,seller_agg,2.0,wide,4,-0.5,-0.5,0.5,-1.5
1,350300,Mark 01,Mark 22,VEV_5500,6.0,seller_agg,1.0,tight,4,0.0,0.0,0.5,-1.5
1,350300,Mark 01,Mark 22,VEV_6000,0.0,seller_agg,1.0,tight,4,0.0,0.0,0.0,-1.5
1,350300,Mark 01,Mark 22,VEV_6500,0.0,seller_agg,1.0,tight,4,0.0,0.0,0.0,-1.5
1,350900,Mark 38,Mark 14,VEV_4000,1256.0,buyer_agg,21.0,tight,1,-2.0,-1.0,3.0,-1.0
1,351000,Mark 38,Mark 14,HYDROGEL_PACK,9973.0,buyer_agg,16.0,tight,1,-3.0,-6.0,-8.0,-1.0
1,356800,Mark 14,Mark 38,VEV_4000,1234.0,seller_agg,21.0,tight,1,-1.0,4.0,6.0,1.0
1,357100,Mark 38,Mark 14,HYDROGEL_PACK,9963.0,buyer_agg,16.0,tight,1,1.0,-3.0,5.0,5.0
1,358100,Mark 14,Mark 55,VELVETFRUIT_EXTRACT,5245.0,seller_agg,5.0,tight,1,0.0,1.0,3.0,1.0
1,358300,Mark 14,Mark 38,VEV_4000,1237.0,seller_agg,21.0,tight,1,1.0,1.0,2.0,1.0
1,358500,Mark 38,Mark 14,HYDROGEL_PACK,9960.0,buyer_agg,16.0,tight,1,-1.0,6.0,23.0,0.0
1,360600,Mark 14,Mark 38,HYDROGEL_PACK,9951.0,seller_agg,16.0,tight,1,-1.0,11.0,10.0,2.5
1,362700,Mark 14,Mark 38,HYDROGEL_PACK,9961.0,seller_agg,16.0,tight,1,4.0,0.0,-12.0,1.5
1,363100,Mark 38,Mark 14,HYDROGEL_PACK,9983.0,buyer_agg,16.0,tight,1,-8.0,-2.0,-15.0,0.0
1,364800,Mark 38,Mark 14,HYDROGEL_PACK,9978.0,buyer_agg,16.0,tight,1,1.5,-8.0,-13.0,-3.0
1,364900,Mark 14,Mark 55,VELVETFRUIT_EXTRACT,5251.0,seller_agg,5.0,tight,1,0.0,-2.0,-2.0,-2.0
1,365000,Mark 14,Mark 38,VEV_4000,1242.0,seller_agg,21.0,tight,1,1.0,-2.0,-1.0,-2.0
1,365600,Mark 14,Mark 55,VELVETFRUIT_EXTRACT,5250.0,seller_agg,5.0,tight,1,-3.5,-2.5,-3.0,-2.5
1,367900,Mark 67,Mark 22,VELVETFRUIT_EXTRACT,5248.0,buyer_agg,2.0,tight,1,5.0,4.5,1.5,4.5
1,368500,Mark 38,Mark 14,HYDROGEL_PACK,9983.0,buyer_agg,16.0,tight,1,-6.0,-7.0,-16.0,0.0
1,371400,Mark 14,Mark 38,HYDROGEL_PACK,9953.0,seller_agg,16.0,tight,1,5.0,1.0,-18.0,4.0
1,373400,Mark 38,Mark 14,HYDROGEL_PACK,9970.0,buyer_agg,16.0,tight,1,1.0,-6.0,-27.0,-3.0
1,373700,Mark 14,Mark 38,HYDROGEL_PACK,9954.0,seller_agg,16.0,tight,1,-1.0,-1.0,-22.5,-5.5
1,374100,Mark 14,Mark 55,VELVETFRUIT_EXTRACT,5253.0,seller_agg,5.0,tight,1,-1.5,-8.0,-6.0,-8.0
1,374400,Mark 14,Mark 55,VELVETFRUIT_EXTRACT,5253.0,seller_agg,5.0,tight,1,-4.0,-8.0,-7.0,-8.0
1,374800,Mark 14,Mark 38,VEV_4000,1242.0,seller_agg,21.0,tight,1,-1.0,-6.0,-3.0,-7.5
1,375100,Mark 14,Mark 38,HYDROGEL_PACK,9947.0,seller_agg,16.0,tight,1,6.0,10.0,-17.0,-1.0
1,376300,Mark 14,Mark 38,VEV_4000,1236.0,seller_agg,21.0,tight,1,0.0,3.0,-2.0,3.0
1,376600,Mark 01,Mark 22,VEV_5300,46.0,seller_agg,2.0,tight,5,1.0,0.5,-0.5,2.0
1,376600,Mark 01,Mark 22,VEV_5400,15.0,seller_agg,1.0,tight,5,1.0,0.5,0.0,2.0
1,376600,Mark 01,Mark 22,VEV_5500,6.0,seller_agg,1.0,tight,5,0.5,0.0,0.0,2.0
1,376600,Mark 01,Mark 22,VEV_6000,0.0,seller_agg,1.0,tight,5,0.0,0.0,0.0,2.0
1,376600,Mark 01,Mark 22,VEV_6500,0.0,seller_agg,1.0,tight,5,0.0,0.0,0.0,2.0
1,377900,Mark 14,Mark 22,VEV_5300,47.0,seller_agg,2.0,tight,4,0.0,1.0,-1.5,3.0
1,377900,Mark 01,Mark 22,VEV_5500,6.0,seller_agg,1.0,tight,4,0.5,1.0,0.0,3.0
1,377900,Mark 01,Mark 22,VEV_6000,0.0,seller_agg,1.0,tight,4,0.0,0.0,0.0,3.0
1,377900,Mark 01,Mark 22,VEV_6500,0.0,seller_agg,1.0,tight,4,0.0,0.0,0.0,3.0
1,380100,Mark 38,Mark 14,HYDROGEL_PACK,9957.0,buyer_agg,16.0,tight,1,-12.0,-14.0,-3.5,-1.0
1,380700,Mark 38,Mark 14,HYDROGEL_PACK,9948.0,buyer_agg,16.0,tight,1,2.0,-8.5,5.5,-3.5
1,380900,Mark 01,Mark 55,VELVETFRUIT_EXTRACT,5250.0,seller_agg,6.0,wide,1,1.5,-2.5,-7.5,-2.5
1,381700,Mark 55,Mark 14,VELVETFRUIT_EXTRACT,5255.0,buyer_agg,5.0,tight,1,0.0,-4.0,-10.0,-4.0
1,383300,Mark 38,Mark 14,HYDROGEL_PACK,9945.0,buyer_agg,16.0,tight,1,2.0,3.0,18.0,-1.0
1,383600,Mark 38,Mark 14,HYDROGEL_PACK,9948.0,buyer_agg,16.0,tight,1,1.0,-8.0,13.0,1.0
1,383700,Mark 14,Mark 55,VELVETFRUIT_EXTRACT,5246.0,seller_agg,5.0,tight,1,1.0,1.0,-5.0,1.0
1,384200,Mark 14,Mark 38,VEV_4000,1239.0,seller_agg,21.0,tight,1,-2.0,-5.0,-4.0,-3.5
1,384500,Mark 14,Mark 38,VEV_4000,1238.0,seller_agg,21.0,tight,1,0.0,-3.0,-8.5,-3.0
1,385800,Mark 38,Mark 14,HYDROGEL_PACK,9943.0,buyer_agg,16.0,tight,1,-1.0,6.0,9.0,-2.0
1,385900,Mark 14,Mark 55,VELVETFRUIT_EXTRACT,5245.0,seller_agg,5.0,tight,1,-2.5,-1.0,-4.0,-1.0
1,386000,Mark 14,Mark 55,VELVETFRUIT_EXTRACT,5244.0,seller_agg,5.0,tight,1,-1.0,0.0,-3.0,0.0
1,386800,Mark 38,Mark 14,VEV_4000,1257.0,buyer_agg,21.0,tight,1,0.0,-1.0,-5.0,-1.0
1,390100,Mark 67,Mark 49,VELVETFRUIT_EXTRACT,5244.0,buyer_agg,2.0,tight,1,1.5,1.5,-0.5,1.5
1,390800,Mark 14,Mark 38,VEV_4000,1233.0,seller_agg,21.0,tight,1,1.0,0.0,2.0,0.0
1,392300,Mark 14,Mark 55,VELVETFRUIT_EXTRACT,5242.0,seller_agg,5.0,tight,1,-1.0,-5.0,-4.0,-5.0
1,393000,Mark 01,Mark 55,VELVETFRUIT_EXTRACT,5242.0,seller_agg,5.0,tight,1,-0.5,-3.5,-1.0,-3.5
1,393900,Mark 01,Mark 55,VELVETFRUIT_EXTRACT,5241.0,seller_agg,2.0,tight,1,-3.0,1.5,1.5,1.5
1,394700,Mark 14,Mark 55,VELVETFRUIT_EXTRACT,5237.0,seller_agg,5.0,tight,1,0.0,3.0,4.0,3.0
1,394800,Mark 14,Mark 38,HYDROGEL_PACK,9941.0,seller_agg,16.0,tight,1,-2.0,-2.0,-20.0,1.0
1,396000,Mark 55,Mark 01,VELVETFRUIT_EXTRACT,5246.0,buyer_agg,5.0,tight,1,-2.0,-3.0,-2.5,-3.0
1,396200,Mark 01,Mark 55,VELVETFRUIT_EXTRACT,5240.0,seller_agg,5.0,tight,1,0.0,-4.0,0.0,-4.0
1,396300,Mark 38,Mark 14,HYDROGEL_PACK,9956.0,buyer_agg,15.0,tight,1,-1.5,-12.5,-10.5,-4.0
1,397800,Mark 38,Mark 14,HYDROGEL_PACK,9950.0,buyer_agg,16.0,tight,1,-6.0,1.0,-8.0,2.0
1,398400,Mark 14,Mark 55,VELVETFRUIT_EXTRACT,5235.0,seller_agg,5.0,tight,1,1.0,6.0,1.0,6.0
1,399700,Mark 01,Mark 22,VEV_5400,14.0,seller_agg,1.0,tight,4,0.0,1.0,-1.0,5.0
1,399700,Mark 01,Mark 22,VEV_5500,6.0,seller_agg,1.0,tight,4,0.0,0.0,-1.0,5.0
1,399700,Mark 01,Mark 22,VEV_6000,0.0,seller_agg,1.0,tight,4,0.0,0.0,0.0,5.0
1,399700,Mark 01,Mark 22,VEV_6500,0.0,seller_agg,1.0,tight,4,0.0,0.0,0.0,5.0
1,399900,Mark 14,Mark 38,VEV_4000,1231.0,seller_agg,21.0,tight,1,2.0,3.0,-7.0,3.0
1,400100,Mark 14,Mark 55,VELVETFRUIT_EXTRACT,5240.0,seller_agg,5.0,tight,1,1.0,1.0,-6.0,1.0
1,401900,Mark 01,Mark 55,VELVETFRUIT_EXTRACT,5242.0,seller_agg,5.0,tight,1,-2.0,-1.0,-11.0,-1.0
1,402400,Mark 14,Mark 55,VELVETFRUIT_EXTRACT,5240.0,seller_agg,5.0,tight,1,1.5,1.5,-7.0,1.5
1,403500,Mark 01,Mark 55,VELVETFRUIT_EXTRACT,5239.0,seller_agg,5.0,tight,1,1.5,1.5,-6.5,1.5
1,403600,Mark 14,Mark 38,HYDROGEL_PACK,9922.0,seller_agg,16.0,tight,1,-2.0,0.0,20.0,1.0
1,404200,Mark 55,Mark 14,VELVETFRUIT_EXTRACT,5247.0,buyer_agg,5.0,tight,1,-1.0,-2.0,-8.5,-2.0
1,406400,Mark 55,Mark 14,VELVETFRUIT_EXTRACT,5246.0,buyer_agg,5.0,tight,1,-0.5,-5.0,-10.0,-5.0
1,409300,Mark 14,Mark 38,HYDROGEL_PACK,9929.0,seller_agg,16.0,tight,1,6.0,5.0,10.0,-4.0
1,410400,Mark 01,Mark 22,VEV_5400,13.0,seller_agg,1.0,tight,4,0.0,0.0,-1.0,0.0
1,410400,Mark 01,Mark 22,VEV_5500,5.0,seller_agg,1.0,tight,4,0.0,0.0,-0.5,0.0
1,410400,Mark 01,Mark 22,VEV_6000,0.0,seller_agg,1.0,tight,4,0.0,0.0,0.0,0.0
1,410400,Mark 01,Mark 22,VEV_6500,0.0,seller_agg,1.0,tight,4,0.0,0.0,0.0,0.0
1,410600,Mark 55,Mark 14,VELVETFRUIT_EXTRACT,5239.0,buyer_agg,5.0,tight,1,-1.5,-1.0,-11.0,-1.0
1,411000,Mark 38,Mark 14,HYDROGEL_PACK,9951.0,buyer_agg,16.0,tight,1,2.0,8.0,5.0,3.0
1,411200,Mark 55,Mark 01,VELVETFRUIT_EXTRACT,5236.0,buyer_agg,5.0,tight,1,0.0,0.5,-6.0,0.5
1,411300,Mark 55,Mark 01,VELVETFRUIT_EXTRACT,5236.0,buyer_agg,5.0,tight,1,-1.0,0.0,-4.5,0.0
1,411400,Mark 38,Mark 14,HYDROGEL_PACK,9952.0,buyer_agg,16.0,tight,1,-2.0,3.0,11.0,1.0
1,412300,Mark 38,Mark 14,HYDROGEL_PACK,9953.0,buyer_agg,16.0,tight,1,5.0,5.0,9.0,1.0
1,414000,Mark 38,Mark 14,HYDROGEL_PACK,9962.0,buyer_agg,16.0,tight,1,1.0,0.0,1.0,-2.0
1,414400,Mark 14,Mark 38,HYDROGEL_PACK,9945.0,seller_agg,16.0,tight,1,-4.0,1.0,-3.5,-2.0
1,414800,Mark 14,Mark 38,HYDROGEL_PACK,9940.0,seller_agg,16.0,tight,1,8.5,13.0,7.5,-5.0
1,415700,Mark 55,Mark 14,VELVETFRUIT_EXTRACT,5234.0,buyer_agg,5.0,tight,1,2.0,0.0,4.0,0.0
1,419700,Mark 38,Mark 14,VEV_4000,1241.0,buyer_agg,21.0,tight,1,-3.0,-2.0,0.0,-2.0
1,419900,Mark 55,Mark 01,VELVETFRUIT_EXTRACT,5231.0,buyer_agg,5.0,tight,1,-1.5,0.5,2.0,0.5
1,421500,Mark 14,Mark 38,HYDROGEL_PACK,9946.0,seller_agg,16.0,tight,1,-3.0,2.0,-17.0,2.0
1,424500,Mark 55,Mark 14,VELVETFRUIT_EXTRACT,5235.0,buyer_agg,5.0,tight,1,2.0,2.0,-2.0,2.0
1,425400,Mark 38,Mark 14,VEV_4000,1246.0,buyer_agg,20.0,tight,1,-2.0,-1.0,-2.0,-1.0
1,426800,Mark 14,Mark 55,VELVETFRUIT_EXTRACT,5232.0,seller_agg,5.0,tight,1,0.0,-3.5,0.5,-3.5
1,427000,Mark 14,Mark 38,HYDROGEL_PACK,9950.0,seller_agg,16.0,tight,1,-5.0,-16.0,-34.0,-2.0
1,427600,Mark 55,Mark 14,VELVETFRUIT_EXTRACT,5237.0,buyer_agg,5.0,tight,1,-3.0,-4.0,-3.0,-4.0
1,428000,Mark 01,Mark 22,VEV_5400,13.0,seller_agg,1.0,tight,4,0.0,0.0,0.0,-2.0
1,428000,Mark 01,Mark 22,VEV_5500,5.0,seller_agg,1.0,tight,4,-0.5,0.0,0.0,-2.0
1,428000,Mark 01,Mark 22,VEV_6000,0.0,seller_agg,1.0,tight,4,0.0,0.0,0.0,-2.0
1,428000,Mark 01,Mark 22,VEV_6500,0.0,seller_agg,1.0,tight,4,0.0,0.0,0.0,-2.0
1,430200,Mark 55,Mark 14,VELVETFRUIT_EXTRACT,5230.0,buyer_agg,5.0,tight,1,0.0,2.0,7.0,2.0
1,431000,Mark 55,Mark 01,VELVETFRUIT_EXTRACT,5233.0,buyer_agg,5.0,tight,1,-1.5,1.0,5.0,1.0
1,431700,Mark 55,Mark 14,VELVETFRUIT_EXTRACT,5233.0,buyer_agg,5.0,tight,1,-1.0,1.0,2.0,1.0
1,432100,Mark 55,Mark 14,VELVETFRUIT_EXTRACT,5234.0,buyer_agg,5.0,tight,1,-2.5,-1.5,2.0,-1.5
1,435300,Mark 01,Mark 55,VELVETFRUIT_EXTRACT,5225.0,seller_agg,5.0,tight,1,4.0,5.5,17.0,5.5
1,436200,Mark 38,Mark 14,HYDROGEL_PACK,9935.0,buyer_agg,16.0,tight,1,-1.0,-0.5,-5.0,2.5
1,437100,Mark 38,Mark 22,VEV_4000,1233.0,buyer_agg,10.0,tight,10,4.0,10.5,24.5,5.0
1,437100,Mark 38,Mark 22,VEV_4500,733.0,buyer_agg,7.0,tight,10,2.5,9.0,22.5,5.0
1,437100,Mark 38,Mark 22,VEV_5000,238.0,buyer_agg,2.0,tight,10,0.5,7.0,20.0,5.0
1,437100,Mark 38,Mark 22,VEV_5100,152.0,buyer_agg,2.0,midlo,10,0.0,5.5,17.0,5.0
1,437100,Mark 38,Mark 22,VEV_5200,87.0,buyer_agg,1.0,tight,10,0.0,3.5,12.0,5.0
1,437100,Mark 38,Mark 22,VEV_5300,41.0,buyer_agg,1.0,tight,10,0.5,2.5,8.0,5.0
1,437100,Mark 01,Mark 22,VEV_5400,13.0,seller_agg,1.0,tight,10,0.0,1.0,3.0,5.0
1,437100,Mark 01,Mark 22,VEV_5500,5.0,seller_agg,1.0,tight,10,0.0,0.0,1.0,5.0
1,437100,Mark 01,Mark 22,VEV_6000,0.0,seller_agg,1.0,tight,10,0.0,0.0,0.0,5.0
1,437100,Mark 01,Mark 22,VEV_6500,0.0,seller_agg,1.0,tight,10,0.0,0.0,0.0,5.0
1,438000,Mark 01,Mark 55,VELVETFRUIT_EXTRACT,5230.0,seller_agg,6.0,wide,1,3.5,2.5,18.5,2.5
1,440300,Mark 38,Mark 14,HYDROGEL_PACK,9922.0,buyer_agg,16.0,tight,1,2.0,5.0,26.0,-0.5
1,441300,Mark 14,Mark 38,HYDROGEL_PACK,9902.0,seller_agg,16.0,tight,1,3.0,7.0,33.0,2.5
1,443600,Mark 14,Mark 38,HYDROGEL_PACK,9908.0,seller_agg,16.0,tight,1,3.0,0.0,21.0,6.5
1,444000,Mark 14,Mark 38,VEV_4000,1230.0,seller_agg,21.0,tight,1,1.0,7.0,10.0,7.0
1,444300,Mark 01,Mark 55,VELVETFRUIT_EXTRACT,5238.0,seller_agg,5.0,tight,1,1.0,8.0,9.0,8.0
1,445900,Mark 55,Mark 14,VELVETFRUIT_EXTRACT,5249.0,buyer_agg,5.0,tight,1,2.0,7.0,0.0,7.0
1,448100,Mark 55,Mark 01,VELVETFRUIT_EXTRACT,5254.0,buyer_agg,5.0,tight,1,-1.5,-5.0,-7.5,-5.0
1,448700,Mark 14,Mark 38,VEV_4000,1238.0,seller_agg,21.0,tight,1,-3.0,0.0,-3.0,0.0
1,450000,Mark 14,Mark 38,HYDROGEL_PACK,9932.0,seller_agg,16.0,tight,1,2.0,-4.0,-16.0,1.5
1,453500,Mark 01,Mark 55,VELVETFRUIT_EXTRACT,5245.0,seller_agg,6.0,wide,1,3.5,-2.0,3.5,-2.0
1,453600,Mark 55,Mark 01,VELVETFRUIT_EXTRACT,5252.0,buyer_agg,5.0,tight,1,0.0,-2.5,3.0,-2.5
1,454800,Mark 01,Mark 55,VELVETFRUIT_EXTRACT,5245.0,seller_agg,6.0,wide,1,-1.5,-5.5,5.0,-5.5
1,455200,Mark 01,Mark 55,VELVETFRUIT_EXTRACT,5244.0,seller_agg,6.0,wide,1,0.5,-4.5,3.5,-4.5
1,455400,Mark 38,Mark 14,VEV_4000,1257.0,buyer_agg,21.0,tight,1,0.0,-4.0,7.0,-4.0
1,455700,Mark 01,Mark 22,VEV_5400,15.0,seller_agg,1.0,tight,4,0.0,-1.0,1.5,-5.0
1,455700,Mark 01,Mark 22,VEV_5500,6.0,seller_agg,1.0,tight,4,0.0,-0.5,0.5,-5.0
1,455700,Mark 01,Mark 22,VEV_6000,0.0,seller_agg,1.0,tight,4,0.0,0.0,0.0,-5.0
1,455700,Mark 01,Mark 22,VEV_6500,0.0,seller_agg,1.0,tight,4,0.0,0.0,0.0,-5.0
1,457700,Mark 14,Mark 38,HYDROGEL_PACK,9914.0,seller_agg,16.0,tight,1,0.0,7.5,12.0,5.0
1,458400,Mark 55,Mark 14,VELVETFRUIT_EXTRACT,5248.0,buyer_agg,5.0,tight,1,0.5,5.0,4.0,5.0
1,459900,Mark 55,Mark 01,VELVETFRUIT_EXTRACT,5252.0,buyer_agg,5.0,tight,2,1.0,6.0,2.0,6.0
1,459900,Mark 14,Mark 38,VEV_4000,1239.0,seller_agg,21.0,tight,2,-4.5,6.0,2.0,6.0
1,460400,Mark 01,Mark 22,VEV_5300,47.0,seller_agg,2.0,tight,5,1.0,2.0,1.5,6.0
1,460400,Mark 14,Mark 22,VEV_5400,16.0,seller_agg,1.0,tight,5,0.0,1.0,0.5,6.0
1,460400,Mark 01,Mark 22,VEV_5500,6.0,seller_agg,1.0,tight,5,0.0,1.0,0.5,6.0
1,460400,Mark 01,Mark 22,VEV_6000,0.0,seller_agg,1.0,tight,5,0.0,0.0,0.0,6.0
1,460400,Mark 01,Mark 22,VEV_6500,0.0,seller_agg,1.0,tight,5,0.0,0.0,0.0,6.0
1,460700,Mark 55,Mark 14,VELVETFRUIT_EXTRACT,5254.0,buyer_agg,5.0,tight,1,0.5,4.0,2.5,4.0
1,462300,Mark 55,Mark 01,VELVETFRUIT_EXTRACT,5259.0,buyer_agg,6.0,wide,1,0.5,-3.0,-4.5,-3.0
1,462500,Mark 38,Mark 14,HYDROGEL_PACK,9932.0,buyer_agg,16.0,tight,1,-2.0,-13.0,14.0,-2.0
1,464200,Mark 14,Mark 38,VEV_4000,1241.0,seller_agg,21.0,tight,1,2.0,3.0,4.0,3.0
1,465300,Mark 55,Mark 14,VELVETFRUIT_EXTRACT,5255.0,buyer_agg,5.0,tight,1,2.0,-2.0,1.0,-2.0
1,468000,Mark 01,Mark 55,VELVETFRUIT_EXTRACT,5247.0,seller_agg,5.0,tight,1,1.0,4.5,6.0,4.5
1,469300,Mark 01,Mark 55,VELVETFRUIT_EXTRACT,5252.0,seller_agg,5.0,tight,1,-2.0,-7.0,-5.0,-7.0
1,469600,Mark 14,Mark 55,VELVETFRUIT_EXTRACT,5252.0,seller_agg,5.0,tight,1,0.0,-4.0,-5.0,-4.0
1,470400,Mark 55,Mark 14,VELVETFRUIT_EXTRACT,5257.0,buyer_agg,5.0,tight,1,-4.0,-2.0,-5.0,-2.0
1,472600,Mark 14,Mark 55,VELVETFRUIT_EXTRACT,5249.0,seller_agg,5.0,tight,1,0.0,2.0,-7.0,2.0
1,475400,Mark 55,Mark 49,VELVETFRUIT_EXTRACT,5254.0,buyer_agg,2.0,tight,1,3.5,5.5,-9.5,5.5
1,475500,Mark 14,Mark 38,VEV_4000,1244.0,seller_agg,21.0,tight,1,2.0,4.0,-12.5,4.0
1,476200,Mark 38,Mark 14,HYDROGEL_PACK,9959.0,buyer_agg,16.0,tight,1,0.5,7.0,10.0,-3.0
1,476500,Mark 01,Mark 22,VEV_5400,17.0,seller_agg,1.0,tight,4,0.0,-0.5,-3.0,-3.0
1,476500,Mark 01,Mark 22,VEV_5500,7.0,seller_agg,1.0,tight,4,-0.5,-1.0,-2.0,-3.0
1,476500,Mark 01,Mark 22,VEV_6000,0.0,seller_agg,1.0,tight,4,0.0,0.0,0.0,-3.0
1,476500,Mark 01,Mark 22,VEV_6500,0.0,seller_agg,1.0,tight,4,0.0,0.0,0.0,-3.0
1,477600,Mark 14,Mark 38,HYDROGEL_PACK,9941.0,seller_agg,16.0,tight,1,5.0,12.0,14.0,-9.0
1,477900,Mark 55,Mark 01,VELVETFRUIT_EXTRACT,5258.0,buyer_agg,6.0,wide,1,-2.5,-4.5,-15.5,-4.5
1,478900,Mark 14,Mark 55,VELVETFRUIT_EXTRACT,5250.0,seller_agg,5.0,tight,1,-3.0,-3.0,-11.0,-3.0
1,479100,Mark 38,Mark 14,HYDROGEL_PACK,9973.0,buyer_agg,9.0,tight,1,-7.5,-5.5,-9.5,-2.0
1,480100,Mark 67,Mark 49,VELVETFRUIT_EXTRACT,5250.0,buyer_agg,2.0,tight,1,-0.5,-5.5,-6.5,-5.5
1,480700,Mark 38,Mark 14,VEV_4000,1259.0,buyer_agg,21.0,tight,1,-1.0,-3.0,-7.0,-3.5
1,480900,Mark 14,Mark 38,VEV_4000,1239.0,seller_agg,21.0,tight,1,-4.0,-7.0,-6.0,-7.0
1,481300,Mark 38,Mark 14,VEV_4000,1257.0,buyer_agg,21.0,tight,1,-3.0,-6.0,-2.0,-6.0
1,483100,Mark 55,Mark 14,VELVETFRUIT_EXTRACT,5245.0,buyer_agg,5.0,tight,1,-4.0,-0.5,-1.0,-0.5
1,483200,Mark 38,Mark 14,VEV_4000,1252.0,buyer_agg,21.0,tight,1,-2.0,0.0,0.0,0.0
1,483800,Mark 01,Mark 55,VELVETFRUIT_EXTRACT,5238.0,seller_agg,6.0,wide,1,2.5,0.0,-1.0,0.0
1,485300,Mark 14,Mark 38,HYDROGEL_PACK,9952.0,seller_agg,16.0,tight,1,2.0,1.0,12.0,-2.0
1,486400,Mark 01,Mark 55,VELVETFRUIT_EXTRACT,5239.0,seller_agg,6.0,wide,1,-3.0,-1.5,-2.5,-1.5
1,489600,Mark 14,Mark 38,HYDROGEL_PACK,9948.0,seller_agg,16.0,tight,1,7.0,11.0,47.0,5.0
1,489700,Mark 14,Mark 55,VELVETFRUIT_EXTRACT,5237.0,seller_agg,5.0,tight,6,1.5,5.0,4.0,5.0
1,489700,Mark 01,Mark 22,VEV_5300,43.0,seller_agg,2.0,tight,6,0.0,2.0,1.0,5.0
1,489700,Mark 01,Mark 22,VEV_5400,14.0,seller_agg,1.0,tight,6,0.0,1.0,0.5,5.0
1,489700,Mark 01,Mark 22,VEV_5500,5.0,seller_agg,1.0,tight,6,0.0,0.5,0.0,5.0
1,489700,Mark 01,Mark 22,VEV_6000,0.0,seller_agg,1.0,tight,6,0.0,0.0,0.0,5.0
1,489700,Mark 01,Mark 22,VEV_6500,0.0,seller_agg,1.0,tight,6,0.0,0.0,0.0,5.0
1,490900,Mark 55,Mark 14,VELVETFRUIT_EXTRACT,5246.0,buyer_agg,5.0,tight,1,1.0,0.0,2.0,0.0
1,491100,Mark 14,Mark 38,VEV_4000,1233.0,seller_agg,21.0,tight,1,1.5,-2.0,2.0,-2.0
1,492100,Mark 14,Mark 55,VELVETFRUIT_EXTRACT,5241.0,seller_agg,5.0,tight,1,0.5,-3.0,7.0,-3.0
1,493900,Mark 01,Mark 55,VELVETFRUIT_EXTRACT,5237.0,seller_agg,5.0,tight,1,0.0,0.0,10.0,0.0
1,494500,Mark 38,Mark 14,HYDROGEL_PACK,9975.0,buyer_agg,16.0,tight,1,2.0,15.0,37.0,3.0
1,494700,Mark 14,Mark 38,VEV_4000,1228.0,seller_agg,21.0,tight,1,-1.0,3.0,16.0,1.5
1,495300,Mark 14,Mark 38,HYDROGEL_PACK,9964.0,seller_agg,16.0,tight,1,7.0,9.0,34.0,2.0
1,496200,Mark 14,Mark 55,VELVETFRUIT_EXTRACT,5239.0,seller_agg,5.0,tight,1,-1.5,-2.0,15.0,-2.0
1,496300,Mark 14,Mark 38,VEV_4000,1230.0,seller_agg,21.0,tight,1,0.0,1.0,15.0,1.0
1,498200,Mark 22,Mark 49,VELVETFRUIT_EXTRACT,5241.0,buyer_agg,1.0,tight,1,3.0,3.0,23.0,3.0
1,498400,Mark 14,Mark 55,VELVETFRUIT_EXTRACT,5238.0,seller_agg,5.0,tight,1,2.0,3.0,22.0,3.0
1,499900,Mark 14,Mark 38,HYDROGEL_PACK,9990.0,seller_agg,16.0,tight,1,-4.0,-5.0,15.0,6.0
1,500800,Mark 14,Mark 38,HYDROGEL_PACK,9987.0,seller_agg,16.0,tight,1,2.0,8.0,6.0,6.0
1,501400,Mark 14,Mark 38,HYDROGEL_PACK,9987.0,seller_agg,16.0,tight,1,-2.0,9.0,9.0,5.0
1,502000,Mark 14,Mark 38,HYDROGEL_PACK,9985.0,seller_agg,16.0,tight,1,4.0,10.0,14.0,1.5
1,502700,Mark 01,Mark 22,VEV_5500,6.0,seller_agg,1.0,tight,3,0.0,0.0,1.5,5.0
1,502700,Mark 01,Mark 22,VEV_6000,0.0,seller_agg,1.0,tight,3,0.0,0.0,0.0,5.0
1,502700,Mark 01,Mark 22,VEV_6500,0.0,seller_agg,1.0,tight,3,0.0,0.0,0.0,5.0
1,503500,Mark 14,Mark 38,HYDROGEL_PACK,9994.0,seller_agg,16.0,tight,2,1.0,-2.0,-3.0,7.0
1,503500,Mark 14,Mark 38,VEV_4000,1240.0,seller_agg,21.0,tight,2,-1.0,7.0,13.0,7.0
1,505300,Mark 55,Mark 22,VELVETFRUIT_EXTRACT,5256.0,buyer_agg,3.0,tight,1,3.0,6.0,13.0,6.0
1,506200,Mark 14,Mark 55,VELVETFRUIT_EXTRACT,5254.0,seller_agg,5.0,tight,1,2.0,6.0,11.0,6.0
1,507200,Mark 38,Mark 14,HYDROGEL_PACK,10012.0,buyer_agg,16.0,tight,1,-4.0,-2.0,15.0,0.0
1,507800,Mark 14,Mark 38,HYDROGEL_PACK,9992.0,seller_agg,16.0,tight,1,-1.5,14.0,9.0,0.0
1,509100,Mark 14,Mark 38,VEV_4000,1250.0,seller_agg,21.0,tight,1,0.5,6.0,-3.5,7.5
1,509700,Mark 67,Mark 49,VELVETFRUIT_EXTRACT,5260.0,buyer_agg,1.0,tight,1,3.0,6.0,0.0,6.0
1,509900,Mark 14,Mark 38,HYDROGEL_PACK,10005.0,seller_agg,16.0,tight,1,-9.0,-7.0,-2.0,4.0
1,510100,Mark 14,Mark 38,HYDROGEL_PACK,10003.0,seller_agg,16.0,tight,1,-10.0,-7.5,1.0,4.0
1,513200,Mark 38,Mark 14,HYDROGEL_PACK,10010.0,buyer_agg,16.0,tight,1,-3.0,6.0,15.5,3.0
1,514100,Mark 49,Mark 22,VELVETFRUIT_EXTRACT,5263.0,seller_agg,3.0,tight,1,3.0,2.0,-6.0,2.0
1,514500,Mark 14,Mark 55,VELVETFRUIT_EXTRACT,5265.0,seller_agg,5.0,tight,1,1.0,-2.0,-9.5,-2.0
1,515200,Mark 14,Mark 38,HYDROGEL_PACK,10000.0,seller_agg,16.0,tight,1,3.0,11.0,4.0,-4.0
1,516800,Mark 14,Mark 55,VELVETFRUIT_EXTRACT,5261.0,seller_agg,5.0,tight,1,0.0,-3.0,-10.0,-3.0
1,517900,Mark 14,Mark 38,VEV_4000,1249.0,seller_agg,21.0,tight,1,-0.5,0.0,-7.0,0.0
1,518800,Mark 38,Mark 14,VEV_4000,1271.0,buyer_agg,21.0,tight,1,-4.0,1.0,-7.0,1.0
1,519000,Mark 14,Mark 38,HYDROGEL_PACK,10002.0,seller_agg,16.0,tight,1,1.0,5.5,12.0,1.0
1,519100,Mark 14,Mark 38,VEV_4000,1246.0,seller_agg,22.0,wide,1,1.5,1.5,-3.5,2.0
1,519400,Mark 38,Mark 14,HYDROGEL_PACK,10017.0,buyer_agg,16.0,tight,1,2.0,5.0,17.0,1.0
1,519500,Mark 01,Mark 22,VEV_5300,50.0,seller_agg,2.0,tight,5,0.0,0.0,-2.0,0.0
1,519500,Mark 01,Mark 22,VEV_5400,17.0,seller_agg,1.0,tight,5,0.0,0.0,-1.0,0.0
1,519500,Mark 01,Mark 22,VEV_5500,6.0,seller_agg,2.0,wide,5,0.0,0.0,-0.5,0.0
1,519500,Mark 01,Mark 22,VEV_6000,0.0,seller_agg,1.0,tight,5,0.0,0.0,0.0,0.0
1,519500,Mark 01,Mark 22,VEV_6500,0.0,seller_agg,1.0,tight,5,0.0,0.0,0.0,0.0
1,520400,Mark 38,Mark 14,HYDROGEL_PACK,10019.0,buyer_agg,16.0,tight,1,4.0,4.0,6.0,-1.5
1,520500,Mark 01,Mark 55,VELVETFRUIT_EXTRACT,5256.0,seller_agg,5.0,tight,1,1.0,-1.0,-7.0,-1.0
1,521100,Mark 14,Mark 38,VEV_4000,1248.0,seller_agg,21.0,tight,1,1.0,-0.5,-5.0,-1.0
1,521800,Mark 55,Mark 14,VELVETFRUIT_EXTRACT,5265.0,buyer_agg,5.0,tight,1,-2.0,-2.0,-11.0,-2.0
1,523300,Mark 55,Mark 01,VELVETFRUIT_EXTRACT,5262.0,buyer_agg,6.0,wide,1,1.5,-1.5,-13.0,-1.5
1,524000,Mark 01,Mark 22,VEV_5400,17.0,seller_agg,1.0,tight,4,0.0,-1.0,-2.5,-5.0
1,524000,Mark 14,Mark 22,VEV_5500,7.0,seller_agg,1.0,tight,4,0.0,-1.0,-1.5,-5.0
1,524000,Mark 01,Mark 22,VEV_6000,0.0,seller_agg,1.0,tight,4,0.0,0.0,0.0,-5.0
1,524000,Mark 01,Mark 22,VEV_6500,0.0,seller_agg,1.0,tight,4,0.0,0.0,0.0,-5.0
1,524500,Mark 67,Mark 22,VELVETFRUIT_EXTRACT,5259.0,buyer_agg,2.0,tight,1,1.5,-3.5,-12.5,-3.5
1,525500,Mark 14,Mark 38,VEV_4000,1247.0,seller_agg,21.0,tight,1,-3.0,-8.0,-14.0,-6.0
1,526200,Mark 01,Mark 55,VELVETFRUIT_EXTRACT,5250.0,seller_agg,5.0,tight,1,1.0,0.0,-10.0,0.0
1,526600,Mark 38,Mark 14,HYDROGEL_PACK,10021.0,buyer_agg,16.0,tight,1,-2.0,12.0,5.0,-3.5
1,527700,Mark 38,Mark 14,HYDROGEL_PACK,10021.0,buyer_agg,16.0,tight,2,8.0,12.0,7.0,0.5
1,527700,Mark 55,Mark 14,VELVETFRUIT_EXTRACT,5255.0,buyer_agg,5.0,tight,2,0.0,0.5,-15.0,0.5
1,528600,Mark 55,Mark 14,VELVETFRUIT_EXTRACT,5254.0,buyer_agg,5.0,tight,1,2.0,1.0,-16.0,1.0
1,529400,Mark 55,Mark 14,VELVETFRUIT_EXTRACT,5256.0,buyer_agg,5.0,tight,1,-2.0,-1.0,-16.0,-1.0
1,530000,Mark 01,Mark 55,VELVETFRUIT_EXTRACT,5249.0,seller_agg,2.0,tight,1,1.5,-0.5,-13.5,-0.5
1,530300,Mark 14,Mark 38,HYDROGEL_PACK,10010.0,seller_agg,16.0,tight,1,5.0,8.0,4.0,-4.0
1,530600,Mark 14,Mark 38,HYDROGEL_PACK,10010.0,seller_agg,16.0,tight,1,6.0,4.0,6.0,-2.0
1,533100,Mark 38,Mark 14,HYDROGEL_PACK,10029.0,buyer_agg,16.0,tight,1,0.0,-10.0,-11.0,-5.0
1,533400,Mark 38,Mark 14,HYDROGEL_PACK,10030.0,buyer_agg,16.0,tight,1,-4.0,-8.0,-11.0,-6.0
1,534100,Mark 14,Mark 55,VELVETFRUIT_EXTRACT,5244.0,seller_agg,5.0,tight,1,-1.0,-5.0,-8.0,-5.0
1,534800,Mark 38,Mark 14,HYDROGEL_PACK,10018.0,buyer_agg,16.0,tight,1,3.0,9.0,-6.0,-4.0
1,537500,Mark 14,Mark 38,HYDROGEL_PACK,10014.0,seller_agg,16.0,tight,2,-6.0,-11.0,-5.0,-2.5
1,537500,Mark 55,Mark 01,VELVETFRUIT_EXTRACT,5241.0,buyer_agg,5.0,tight,2,1.0,-2.5,-5.0,-2.5
1,537900,Mark 22,Mark 55,VELVETFRUIT_EXTRACT,5239.0,seller_agg,3.0,tight,1,-4.0,-4.5,-5.0,-4.5
1,538000,Mark 38,Mark 14,HYDROGEL_PACK,10024.0,buyer_agg,16.0,tight,1,-1.0,3.0,-1.0,-3.0
1,538900,Mark 38,Mark 14,HYDROGEL_PACK,10022.0,buyer_agg,16.0,tight,1,-2.0,4.5,-4.0,2.5
1,540700,Mark 14,Mark 55,VELVETFRUIT_EXTRACT,5238.0,seller_agg,5.0,tight,1,-2.0,-4.5,-6.0,-4.5
1,542600,Mark 38,Mark 14,HYDROGEL_PACK,10012.0,buyer_agg,16.0,tight,1,6.0,1.0,17.0,-1.0
1,544300,Mark 14,Mark 55,VELVETFRUIT_EXTRACT,5236.0,seller_agg,5.0,tight,1,-1.0,-4.0,-8.0,-4.0
1,544400,Mark 55,Mark 01,VELVETFRUIT_EXTRACT,5240.0,buyer_agg,5.0,tight,1,0.5,-3.0,-6.5,-3.0
1,544500,Mark 38,Mark 14,VEV_4000,1246.0,buyer_agg,20.0,tight,1,1.5,-1.5,-6.5,-1.5
1,545000,Mark 14,Mark 55,VELVETFRUIT_EXTRACT,5235.0,seller_agg,5.0,tight,1,1.0,-7.0,-6.5,-7.0
1,547600,Mark 01,Mark 22,VEV_5400,12.0,seller_agg,1.0,tight,3,0.0,0.0,-1.0,2.5
1,547600,Mark 01,Mark 22,VEV_6000,0.0,seller_agg,1.0,tight,3,0.0,0.0,0.0,2.5
1,547600,Mark 01,Mark 22,VEV_6500,0.0,seller_agg,1.0,tight,3,0.0,0.0,0.0,2.5
1,547800,Mark 14,Mark 55,VELVETFRUIT_EXTRACT,5232.0,seller_agg,5.0,tight,1,-1.0,-1.0,-9.0,-1.0
1,548400,Mark 01,Mark 22,VEV_5400,12.0,seller_agg,1.0,tight,3,-0.5,0.0,-1.0,-2.0
1,548400,Mark 01,Mark 22,VEV_6000,0.0,seller_agg,1.0,tight,3,0.0,0.0,0.0,-2.0
1,548400,Mark 01,Mark 22,VEV_6500,0.0,seller_agg,1.0,tight,3,0.0,0.0,0.0,-2.0
1,549800,Mark 55,Mark 01,VELVETFRUIT_EXTRACT,5236.0,buyer_agg,5.0,tight,1,-1.5,0.0,-5.5,0.0
1,550300,Mark 38,Mark 14,VEV_4000,1242.0,buyer_agg,20.0,tight,1,0.0,0.0,0.5,-1.5
1,550400,Mark 14,Mark 38,HYDROGEL_PACK,9998.0,seller_agg,16.0,tight,1,9.0,12.0,-4.0,1.0
1,550900,Mark 14,Mark 38,VEV_4000,1221.0,seller_agg,21.0,tight,1,2.0,0.0,-1.0,0.0
1,551600,Mark 67,Mark 22,VELVETFRUIT_EXTRACT,5234.0,buyer_agg,2.0,tight,1,1.0,-5.5,-4.5,-5.5
1,552600,Mark 38,Mark 14,VEV_4000,1244.0,buyer_agg,21.0,tight,1,-9.5,-4.0,-4.0,-4.0
1,553100,Mark 01,Mark 22,VEV_5300,39.0,seller_agg,2.0,tight,4,-1.0,1.0,0.0,2.0
1,553100,Mark 01,Mark 22,VEV_5500,4.0,seller_agg,1.0,tight,4,0.0,0.0,0.0,2.0
1,553100,Mark 01,Mark 22,VEV_6000,0.0,seller_agg,1.0,tight,4,0.0,0.0,0.0,2.0
1,553100,Mark 01,Mark 22,VEV_6500,0.0,seller_agg,1.0,tight,4,0.0,0.0,0.0,2.0
1,553300,Mark 38,Mark 14,HYDROGEL_PACK,10032.0,buyer_agg,16.0,tight,1,-1.0,-13.0,-27.0,4.0
1,556400,Mark 55,Mark 01,VELVETFRUIT_EXTRACT,5228.0,buyer_agg,5.0,tight,1,3.5,-2.0,10.0,-2.0
1,556900,Mark 14,Mark 38,VEV_4000,1219.0,seller_agg,20.0,tight,1,-0.5,-2.5,7.5,-2.5
1,557200,Mark 14,Mark 55,VELVETFRUIT_EXTRACT,5225.0,seller_agg,5.0,tight,1,-3.0,1.0,6.5,1.0
1,563500,Mark 01,Mark 55,VELVETFRUIT_EXTRACT,5226.0,seller_agg,5.0,tight,1,2.0,8.0,8.0,8.0
1,563600,Mark 14,Mark 38,HYDROGEL_PACK,9991.0,seller_agg,16.0,tight,1,5.0,10.0,13.0,7.5
1,564000,Mark 67,Mark 49,VELVETFRUIT_EXTRACT,5231.0,buyer_agg,1.0,tight,1,2.0,4.0,4.5,4.0
1,564300,Mark 14,Mark 22,VEV_5200,84.0,seller_agg,2.0,tight,6,0.5,2.5,2.0,4.5
1,564300,Mark 01,Mark 22,VEV_5300,40.0,seller_agg,2.0,tight,6,0.0,1.0,1.0,4.5
1,564300,Mark 01,Mark 22,VEV_5400,12.0,seller_agg,1.0,tight,6,0.0,1.0,0.5,4.5
1,564300,Mark 01,Mark 22,VEV_5500,4.0,seller_agg,1.0,tight,6,0.0,1.0,1.0,4.5
1,564300,Mark 01,Mark 22,VEV_6000,0.0,seller_agg,1.0,tight,6,0.0,0.0,0.0,4.5
1,564300,Mark 01,Mark 22,VEV_6500,0.0,seller_agg,1.0,tight,6,0.0,0.0,0.0,4.5
1,564900,Mark 55,Mark 01,VELVETFRUIT_EXTRACT,5236.0,buyer_agg,6.0,wide,1,2.5,3.5,1.0,3.5
1,565500,Mark 55,Mark 01,VELVETFRUIT_EXTRACT,5239.0,buyer_agg,5.0,tight,1,-2.0,-1.0,-1.0,-1.0
1,566100,Mark 22,Mark 38,HYDROGEL_PACK,10011.0,seller_agg,9.0,tight,1,-2.5,-2.0,-13.5,-1.5
1,567200,Mark 01,Mark 22,VEV_5400,13.0,seller_agg,1.0,tight,4,0.0,0.0,-0.5,4.5
1,567200,Mark 01,Mark 22,VEV_5500,5.0,seller_agg,1.0,tight,4,0.0,0.0,0.0,4.5
1,567200,Mark 01,Mark 22,VEV_6000,0.0,seller_agg,1.0,tight,4,0.0,0.0,0.0,4.5
1,567200,Mark 01,Mark 22,VEV_6500,0.0,seller_agg,1.0,tight,4,0.0,0.0,0.0,4.5
1,567700,Mark 38,Mark 14,VEV_4000,1246.0,buyer_agg,21.0,tight,1,-1.0,0.5,1.0,0.5
1,568200,Mark 55,Mark 14,VELVETFRUIT_EXTRACT,5237.0,buyer_agg,5.0,tight,1,4.0,0.5,3.0,0.5
1,568700,Mark 14,Mark 38,HYDROGEL_PACK,10000.0,seller_agg,16.0,tight,1,-5.0,1.0,-5.0,-3.0
1,568800,Mark 38,Mark 14,VEV_4000,1250.0,buyer_agg,21.0,tight,1,-1.0,-2.0,-3.0,-2.0
1,568900,Mark 01,Mark 22,VEV_5300,43.0,seller_agg,2.0,tight,5,-1.0,-1.0,-2.0,-2.0
1,568900,Mark 01,Mark 22,VEV_5400,13.0,seller_agg,1.0,tight,5,0.0,0.0,-0.5,-2.0
1,568900,Mark 01,Mark 22,VEV_5500,5.0,seller_agg,1.0,tight,5,0.0,0.0,0.0,-2.0
1,568900,Mark 01,Mark 22,VEV_6000,0.0,seller_agg,1.0,tight,5,0.0,0.0,0.0,-2.0
1,568900,Mark 01,Mark 22,VEV_6500,0.0,seller_agg,1.0,tight,5,0.0,0.0,0.0,-2.0
1,569900,Mark 14,Mark 38,VEV_4000,1227.0,seller_agg,21.0,tight,1,-3.0,1.0,-3.0,-0.5
1,570200,Mark 67,Mark 22,VELVETFRUIT_EXTRACT,5236.0,buyer_agg,2.0,tight,1,0.5,1.5,-2.5,1.5
1,571600,Mark 01,Mark 55,VELVETFRUIT_EXTRACT,5235.0,seller_agg,6.0,wide,1,0.5,-2.5,-4.5,-2.5
1,574000,Mark 55,Mark 01,VELVETFRUIT_EXTRACT,5238.0,buyer_agg,6.0,wide,1,-1.5,1.5,4.5,1.5
1,574800,Mark 01,Mark 22,VEV_5400,12.0,seller_agg,1.0,tight,4,0.0,0.0,0.5,1.0
1,574800,Mark 01,Mark 22,VEV_5500,4.0,seller_agg,2.0,wide,4,-0.5,0.0,0.5,1.0
1,574800,Mark 01,Mark 22,VEV_6000,0.0,seller_agg,1.0,tight,4,0.0,0.0,0.0,1.0
1,574800,Mark 01,Mark 22,VEV_6500,0.0,seller_agg,1.0,tight,4,0.0,0.0,0.0,1.0
1,575800,Mark 67,Mark 22,VELVETFRUIT_EXTRACT,5235.0,buyer_agg,2.0,tight,4,2.0,3.5,4.5,3.5
1,575800,Mark 01,Mark 22,VEV_5500,5.0,seller_agg,1.0,tight,4,0.0,0.0,0.0,3.5
1,575800,Mark 01,Mark 22,VEV_6000,0.0,seller_agg,1.0,tight,4,0.0,0.0,0.0,3.5
1,575800,Mark 01,Mark 22,VEV_6500,0.0,seller_agg,1.0,tight,4,0.0,0.0,0.0,3.5
1,576400,Mark 01,Mark 55,VELVETFRUIT_EXTRACT,5233.0,seller_agg,5.0,tight,1,-1.0,0.5,6.0,0.5
1,576700,Mark 38,Mark 14,VEV_4000,1245.0,buyer_agg,21.0,tight,1,1.5,2.0,9.0,2.0
1,578400,Mark 67,Mark 22,VELVETFRUIT_EXTRACT,5237.0,buyer_agg,2.0,tight,1,0.5,-2.5,7.5,-2.5
1,578600,Mark 38,Mark 14,HYDROGEL_PACK,10014.0,buyer_agg,16.0,tight,1,-3.0,3.0,-4.0,0.0
1,578800,Mark 14,Mark 38,HYDROGEL_PACK,9998.0,seller_agg,16.0,tight,1,-1.0,2.0,-4.0,0.0
1,580600,Mark 14,Mark 38,HYDROGEL_PACK,10001.0,seller_agg,16.0,tight,1,-4.0,-2.0,-10.0,1.0
1,581100,Mark 55,Mark 14,VELVETFRUIT_EXTRACT,5240.0,buyer_agg,5.0,tight,1,-4.0,-1.0,4.0,-1.0
1,581700,Mark 55,Mark 01,VELVETFRUIT_EXTRACT,5237.0,buyer_agg,6.0,wide,1,4.0,3.5,9.0,3.5
1,582900,Mark 49,Mark 22,VELVETFRUIT_EXTRACT,5236.0,buyer_agg,2.0,tight,1,3.5,1.5,6.5,1.5
1,584800,Mark 14,Mark 55,VELVETFRUIT_EXTRACT,5234.0,seller_agg,5.0,tight,1,3.0,7.0,4.5,7.0
1,584900,Mark 01,Mark 55,VELVETFRUIT_EXTRACT,5234.0,seller_agg,5.0,tight,1,2.0,8.0,4.0,8.0
1,587200,Mark 01,Mark 55,VELVETFRUIT_EXTRACT,5242.0,seller_agg,6.0,wide,1,2.0,0.5,-5.5,0.5
1,588200,Mark 01,Mark 22,VEV_5300,45.0,seller_agg,2.0,tight,5,0.0,-2.0,-3.0,-4.0
1,588200,Mark 01,Mark 22,VEV_5400,14.0,seller_agg,1.0,tight,5,0.0,-1.0,-1.0,-4.0
1,588200,Mark 01,Mark 22,VEV_5500,5.0,seller_agg,1.0,tight,5,0.0,0.0,0.0,-4.0
1,588200,Mark 01,Mark 22,VEV_6000,0.0,seller_agg,1.0,tight,5,0.0,0.0,0.0,-4.0
1,588200,Mark 01,Mark 22,VEV_6500,0.0,seller_agg,1.0,tight,5,0.0,0.0,0.0,-4.0
1,588600,Mark 49,Mark 22,VELVETFRUIT_EXTRACT,5245.0,seller_agg,3.0,tight,1,-1.5,-7.0,-6.0,-7.0
1,589100,Mark 14,Mark 38,VEV_4000,1234.0,seller_agg,21.0,tight,1,-1.0,-3.0,-4.0,-3.5
1,590100,Mark 14,Mark 38,HYDROGEL_PACK,9989.0,seller_agg,16.0,tight,1,2.0,5.0,27.0,3.0
1,594900,Mark 22,Mark 55,VELVETFRUIT_EXTRACT,5239.0,seller_agg,3.0,tight,1,1.0,0.5,-10.0,0.5
1,595300,Mark 01,Mark 55,VELVETFRUIT_EXTRACT,5238.0,seller_agg,6.0,wide,1,1.5,-2.5,-11.5,-2.5
1,596300,Mark 38,Mark 14,HYDROGEL_PACK,10027.0,buyer_agg,16.0,tight,1,7.0,12.0,11.0,-4.0
1,597200,Mark 14,Mark 55,VELVETFRUIT_EXTRACT,5237.0,seller_agg,5.0,tight,1,0.0,0.0,-17.0,0.0
1,597400,Mark 14,Mark 55,VELVETFRUIT_EXTRACT,5237.0,seller_agg,5.0,tight,1,-1.0,-2.0,-14.0,-2.0
1,599600,Mark 14,Mark 38,VEV_4000,1226.0,seller_agg,21.0,tight,1,-3.5,-3.0,-12.0,-3.0
1,600000,Mark 55,Mark 01,VELVETFRUIT_EXTRACT,5237.0,buyer_agg,5.0,tight,1,-2.5,-4.0,-11.0,-4.0
1,600100,Mark 14,Mark 38,VEV_4000,1223.0,seller_agg,20.0,tight,1,-1.0,-4.5,-9.5,-4.5
1,600400,Mark 38,Mark 14,HYDROGEL_PACK,10035.0,buyer_agg,16.0,tight,1,-2.0,-5.0,-15.0,-2.5
1,601200,Mark 14,Mark 38,VEV_4000,1223.0,seller_agg,21.0,tight,1,-2.0,-2.0,-9.0,-2.0
1,601700,Mark 14,Mark 38,HYDROGEL_PACK,10013.0,seller_agg,16.0,tight,1,3.0,6.0,-8.0,-1.0
1,603000,Mark 55,Mark 01,VELVETFRUIT_EXTRACT,5234.0,buyer_agg,5.0,tight,1,1.0,-2.0,-4.5,-2.0
1,604600,Mark 01,Mark 22,VEV_5300,39.0,seller_agg,2.0,tight,5,0.0,-2.0,1.0,-4.5
1,604600,Mark 01,Mark 22,VEV_5400,11.0,seller_agg,2.0,wide,5,-0.5,-0.5,0.5,-4.5
1,604600,Mark 01,Mark 22,VEV_5500,4.0,seller_agg,1.0,tight,5,0.0,0.0,0.0,-4.5
1,604600,Mark 01,Mark 22,VEV_6000,0.0,seller_agg,1.0,tight,5,0.0,0.0,0.0,-4.5
1,604600,Mark 01,Mark 22,VEV_6500,0.0,seller_agg,1.0,tight,5,0.0,0.0,0.0,-4.5
1,604700,Mark 14,Mark 38,HYDROGEL_PACK,10017.0,seller_agg,17.0,wide,1,-1.0,4.5,-22.5,-4.0
1,605700,Mark 01,Mark 55,VELVETFRUIT_EXTRACT,5226.0,seller_agg,5.0,tight,1,-1.0,-4.5,1.0,-4.5
1,606400,Mark 14,Mark 38,HYDROGEL_PACK,10020.0,seller_agg,16.0,tight,1,2.0,-8.0,-49.0,-8.0
1,608100,Mark 38,Mark 14,VEV_4000,1230.0,buyer_agg,21.0,tight,1,-1.5,4.0,15.5,4.0
1,608500,Mark 67,Mark 22,VELVETFRUIT_EXTRACT,5218.0,buyer_agg,2.0,tight,1,5.0,6.5,14.5,6.5
1,609900,Mark 14,Mark 55,VELVETFRUIT_EXTRACT,5222.0,seller_agg,5.0,tight,1,-1.0,-4.5,9.5,-4.5
1,612500,Mark 14,Mark 55,VELVETFRUIT_EXTRACT,5219.0,seller_agg,5.0,tight,1,5.5,11.0,16.0,11.0
1,612900,Mark 22,Mark 49,VELVETFRUIT_EXTRACT,5225.0,buyer_agg,2.0,tight,2,4.5,9.5,13.5,9.5
1,612900,Mark 01,Mark 55,VELVETFRUIT_EXTRACT,5223.0,seller_agg,2.0,tight,2,4.5,9.5,13.5,9.5
1,614100,Mark 14,Mark 38,HYDROGEL_PACK,9998.0,seller_agg,16.0,tight,1,-4.0,-27.0,2.0,-1.0
1,616300,Mark 14,Mark 55,VELVETFRUIT_EXTRACT,5228.0,seller_agg,5.0,tight,1,2.0,2.5,2.0,2.5
1,617400,Mark 14,Mark 55,VELVETFRUIT_EXTRACT,5231.0,seller_agg,5.0,tight,1,0.5,-2.0,-5.0,-2.0
1,617900,Mark 01,Mark 22,VEV_5300,40.0,seller_agg,2.0,tight,5,-1.0,0.0,-2.0,0.0
1,617900,Mark 01,Mark 22,VEV_5400,12.0,seller_agg,1.0,tight,5,0.0,0.0,-0.5,0.0
1,617900,Mark 01,Mark 22,VEV_5500,4.0,seller_agg,2.0,wide,5,-0.5,0.0,-0.5,0.0
1,617900,Mark 01,Mark 22,VEV_6000,0.0,seller_agg,1.0,tight,5,0.0,0.0,0.0,0.0
1,617900,Mark 01,Mark 22,VEV_6500,0.0,seller_agg,1.0,tight,5,0.0,0.0,0.0,0.0
1,618300,Mark 01,Mark 22,VEV_5300,40.0,seller_agg,2.0,tight,5,-1.0,-1.0,-2.0,-1.5
1,618300,Mark 01,Mark 22,VEV_5400,12.0,seller_agg,1.0,tight,5,0.0,0.0,-1.0,-1.5
1,618300,Mark 01,Mark 22,VEV_5500,4.0,seller_agg,1.0,tight,5,0.0,0.0,0.0,-1.5
1,618300,Mark 01,Mark 22,VEV_6000,0.0,seller_agg,1.0,tight,5,0.0,0.0,0.0,-1.5
1,618300,Mark 01,Mark 22,VEV_6500,0.0,seller_agg,1.0,tight,5,0.0,0.0,0.0,-1.5
1,618900,Mark 55,Mark 22,VELVETFRUIT_EXTRACT,5231.0,buyer_agg,2.0,tight,1,1.5,0.5,-8.0,0.5
1,619800,Mark 55,Mark 14,VELVETFRUIT_EXTRACT,5236.0,buyer_agg,5.0,tight,1,-2.0,1.0,-13.5,1.0
1,620500,Mark 55,Mark 14,VELVETFRUIT_EXTRACT,5235.0,buyer_agg,5.0,tight,1,-2.0,5.0,-13.0,5.0
1,621700,Mark 38,Mark 14,VEV_4000,1245.0,buyer_agg,21.0,tight,1,0.0,4.0,-19.5,4.0
1,621800,Mark 14,Mark 38,HYDROGEL_PACK,9993.0,seller_agg,16.0,tight,1,0.0,5.0,18.0,6.0
1,621900,Mark 55,Mark 14,VELVETFRUIT_EXTRACT,5236.0,buyer_agg,5.0,tight,1,1.0,6.0,-13.0,6.0
1,622400,Mark 67,Mark 49,VELVETFRUIT_EXTRACT,5235.0,buyer_agg,1.0,tight,1,3.0,4.0,-16.0,4.0
1,622800,Mark 14,Mark 38,VEV_4000,1227.0,seller_agg,21.0,tight,1,0.0,0.0,-21.0,0.0
1,624400,Mark 14,Mark 22,VEV_5200,88.0,seller_agg,2.0,tight,6,-0.5,-4.5,-13.0,-7.0
1,624400,Mark 01,Mark 22,VEV_5300,42.0,seller_agg,2.0,tight,6,-1.0,-3.0,-8.0,-7.0
1,624400,Mark 01,Mark 22,VEV_5400,13.0,seller_agg,1.0,tight,6,0.0,-1.0,-3.0,-7.0
1,624400,Mark 01,Mark 22,VEV_5500,5.0,seller_agg,1.0,tight,6,0.0,-1.0,-2.0,-7.0
1,624400,Mark 01,Mark 22,VEV_6000,0.0,seller_agg,1.0,tight,6,0.0,0.0,0.0,-7.0
1,624400,Mark 01,Mark 22,VEV_6500,0.0,seller_agg,1.0,tight,6,0.0,0.0,0.0,-7.0
1,624700,Mark 55,Mark 01,VELVETFRUIT_EXTRACT,5242.0,buyer_agg,6.0,wide,1,-2.5,-9.0,-21.5,-9.0
1,625100,Mark 14,Mark 38,HYDROGEL_PACK,10004.0,seller_agg,16.0,tight,1,3.0,8.5,9.0,-7.0
1,626000,Mark 14,Mark 55,VELVETFRUIT_EXTRACT,5232.0,seller_agg,2.0,tight,1,-1.5,-4.5,-9.5,-4.5
1,628100,Mark 55,Mark 01,VELVETFRUIT_EXTRACT,5231.0,buyer_agg,5.0,tight,1,-4.0,-8.0,-16.0,-8.0
1,628300,Mark 14,Mark 55,VELVETFRUIT_EXTRACT,5225.0,seller_agg,5.0,tight,1,-5.0,-6.0,-14.0,-6.0
1,630400,Mark 38,Mark 14,HYDROGEL_PACK,10019.0,buyer_agg,16.0,tight,1,3.5,10.0,20.0,-3.0
1,631500,Mark 38,Mark 14,VEV_4000,1230.0,buyer_agg,20.0,tight,1,0.5,-3.0,-8.0,-2.5
1,631700,Mark 01,Mark 22,VEV_5400,10.0,seller_agg,1.0,tight,3,0.0,0.0,-1.0,-3.0
1,631700,Mark 01,Mark 22,VEV_6000,0.0,seller_agg,1.0,tight,3,0.0,0.0,0.0,-3.0
1,631700,Mark 01,Mark 22,VEV_6500,0.0,seller_agg,1.0,tight,3,0.0,0.0,0.0,-3.0
1,632800,Mark 67,Mark 22,VELVETFRUIT_EXTRACT,5216.0,buyer_agg,2.0,tight,1,1.5,0.0,-2.5,0.0
1,634500,Mark 55,Mark 14,VELVETFRUIT_EXTRACT,5218.0,buyer_agg,5.0,tight,1,1.5,3.0,-9.0,3.0
1,634800,Mark 01,Mark 55,VELVETFRUIT_EXTRACT,5214.0,seller_agg,2.0,tight,2,1.0,4.0,-7.5,4.0
1,634800,Mark 67,Mark 22,VELVETFRUIT_EXTRACT,5216.0,buyer_agg,2.0,tight,2,1.0,4.0,-7.5,4.0
1,634900,Mark 14,Mark 38,HYDROGEL_PACK,10010.0,seller_agg,16.0,tight,1,9.0,11.0,-12.0,2.5
1,635700,Mark 38,Mark 14,HYDROGEL_PACK,10034.0,buyer_agg,16.0,tight,1,1.0,0.0,-25.0,-2.0
1,636100,Mark 14,Mark 22,VEV_5200,79.0,seller_agg,2.0,tight,5,-2.5,-6.0,-8.5,-11.0
1,636100,Mark 01,Mark 22,VEV_5300,37.0,seller_agg,2.0,tight,5,-2.0,-4.0,-5.0,-11.0
1,636100,Mark 01,Mark 22,VEV_5500,4.0,seller_agg,1.0,tight,5,-0.5,-1.0,-1.0,-11.0
1,636100,Mark 01,Mark 22,VEV_6000,0.0,seller_agg,1.0,tight,5,0.0,0.0,0.0,-11.0
1,636100,Mark 01,Mark 22,VEV_6500,0.0,seller_agg,1.0,tight,5,0.0,0.0,0.0,-11.0
1,637500,Mark 14,Mark 38,HYDROGEL_PACK,10018.0,seller_agg,16.0,tight,1,3.0,3.0,-27.0,-0.5
1,640300,Mark 22,Mark 38,HYDROGEL_PACK,10029.0,seller_agg,8.0,tight,1,1.0,-14.0,-33.0,-1.0
1,640500,Mark 01,Mark 55,VELVETFRUIT_EXTRACT,5212.0,seller_agg,5.0,tight,1,-2.0,-1.0,-12.0,-1.0
1,640700,Mark 38,Mark 14,HYDROGEL_PACK,10042.0,buyer_agg,16.0,tight,1,-2.0,-25.5,-37.0,1.5
1,642100,Mark 14,Mark 22,VEV_5200,74.0,seller_agg,2.0,tight,6,-0.5,-1.5,-7.0,-2.0
1,642100,Mark 01,Mark 22,VEV_5300,34.0,seller_agg,2.0,tight,6,-0.5,-1.0,-4.5,-2.0
1,642100,Mark 01,Mark 22,VEV_5400,9.0,seller_agg,1.0,tight,6,0.0,0.0,-1.0,-2.0
1,642100,Mark 01,Mark 22,VEV_5500,3.0,seller_agg,1.0,tight,6,0.0,0.0,0.0,-2.0
1,642100,Mark 01,Mark 22,VEV_6000,0.0,seller_agg,1.0,tight,6,0.0,0.0,0.0,-2.0
1,642100,Mark 01,Mark 22,VEV_6500,0.0,seller_agg,1.0,tight,6,0.0,0.0,0.0,-2.0
1,644900,Mark 55,Mark 01,VELVETFRUIT_EXTRACT,5210.0,buyer_agg,6.0,wide,1,2.5,-1.0,1.5,-1.0
1,645000,Mark 38,Mark 14,VEV_4000,1218.0,buyer_agg,20.0,tight,1,1.0,-3.0,-1.0,-4.0
1,646100,Mark 55,Mark 14,VELVETFRUIT_EXTRACT,5211.0,buyer_agg,5.0,tight,1,-2.0,-2.0,-2.0,-2.0
1,647000,Mark 38,Mark 14,HYDROGEL_PACK,10003.0,buyer_agg,16.0,tight,1,4.0,-1.0,-6.0,-2.0
1,647200,Mark 14,Mark 38,VEV_4000,1196.0,seller_agg,20.0,tight,1,0.0,-6.0,3.0,-6.5
1,647400,Mark 14,Mark 38,HYDROGEL_PACK,9993.0,seller_agg,16.0,tight,1,-4.0,-8.0,-8.0,-4.5
1,647600,Mark 14,Mark 38,HYDROGEL_PACK,9991.0,seller_agg,16.0,tight,1,-4.0,1.0,-8.0,-6.0
1,647900,Mark 14,Mark 38,HYDROGEL_PACK,9989.0,seller_agg,16.0,tight,1,-4.0,4.0,-3.0,-5.0
1,648200,Mark 55,Mark 14,VELVETFRUIT_EXTRACT,5208.0,buyer_agg,3.0,tight,1,-4.0,-6.0,2.0,-6.0
1,648400,Mark 38,Mark 14,HYDROGEL_PACK,10001.0,buyer_agg,16.0,tight,1,0.0,6.0,2.0,-6.0
1,650300,Mark 14,Mark 55,VELVETFRUIT_EXTRACT,5198.0,seller_agg,5.0,tight,1,0.5,0.0,13.0,0.0
1,652100,Mark 01,Mark 55,VELVETFRUIT_EXTRACT,5198.0,seller_agg,5.0,tight,1,1.0,5.0,16.0,5.0
1,652800,Mark 14,Mark 38,HYDROGEL_PACK,9979.0,seller_agg,16.0,tight,1,-5.0,-6.0,19.0,7.5
1,653200,Mark 14,Mark 38,HYDROGEL_PACK,9975.0,seller_agg,16.0,tight,1,-4.0,3.0,23.0,4.5
1,653300,Mark 14,Mark 38,HYDROGEL_PACK,9974.0,seller_agg,16.0,tight,1,-4.0,5.0,22.0,4.0
1,654200,Mark 01,Mark 22,VEV_5400,8.0,seller_agg,1.0,tight,4,0.5,0.0,1.0,-1.0
1,654200,Mark 01,Mark 22,VEV_5500,3.0,seller_agg,1.0,tight,4,0.0,0.0,0.0,-1.0
1,654200,Mark 01,Mark 22,VEV_6000,0.0,seller_agg,1.0,tight,4,0.0,0.0,0.0,-1.0
1,654200,Mark 01,Mark 22,VEV_6500,0.0,seller_agg,1.0,tight,4,0.0,0.0,0.0,-1.0
1,654300,Mark 14,Mark 55,VELVETFRUIT_EXTRACT,5205.0,seller_agg,5.0,tight,1,2.0,-2.0,5.0,-2.0
1,655100,Mark 55,Mark 14,VELVETFRUIT_EXTRACT,5210.0,buyer_agg,5.0,tight,1,-2.0,3.0,10.0,3.0
1,657800,Mark 55,Mark 01,VELVETFRUIT_EXTRACT,5213.0,buyer_agg,5.0,tight,1,-1.5,3.0,11.0,3.0
1,659200,Mark 55,Mark 01,VELVETFRUIT_EXTRACT,5215.0,buyer_agg,6.0,wide,1,1.0,5.0,8.5,5.0
1,661300,Mark 38,Mark 14,HYDROGEL_PACK,10011.0,buyer_agg,16.0,tight,1,-5.0,1.0,3.0,-1.5
1,666100,Mark 38,Mark 14,HYDROGEL_PACK,10028.0,buyer_agg,16.0,tight,1,-5.0,-3.0,-11.0,-4.0
1,666500,Mark 01,Mark 55,VELVETFRUIT_EXTRACT,5220.0,seller_agg,6.0,wide,1,0.5,-4.5,5.5,-4.5
1,667400,Mark 55,Mark 01,VELVETFRUIT_EXTRACT,5227.0,buyer_agg,6.0,wide,1,-3.5,-4.5,3.5,-4.5
1,669200,Mark 38,Mark 14,HYDROGEL_PACK,10027.0,buyer_agg,16.0,tight,1,-3.0,-10.0,-24.0,-1.0
1,669900,Mark 01,Mark 55,VELVETFRUIT_EXTRACT,5216.0,seller_agg,6.0,wide,1,-0.5,0.5,5.5,0.5
1,671200,Mark 14,Mark 38,VEV_4000,1209.0,seller_agg,20.0,tight,1,0.5,3.0,4.0,2.0
1,673800,Mark 14,Mark 38,HYDROGEL_PACK,10000.0,seller_agg,16.0,tight,1,1.0,-1.0,-13.0,7.5
1,674000,Mark 01,Mark 22,VEV_5300,37.0,seller_agg,2.0,tight,5,1.0,1.0,0.5,5.0
1,674000,Mark 01,Mark 22,VEV_5400,10.0,seller_agg,1.0,tight,5,0.5,1.0,1.0,5.0
1,674000,Mark 01,Mark 22,VEV_5500,4.0,seller_agg,1.0,tight,5,0.0,0.0,0.0,5.0
1,674000,Mark 01,Mark 22,VEV_6000,0.0,seller_agg,1.0,tight,5,0.0,0.0,0.0,5.0
1,674000,Mark 01,Mark 22,VEV_6500,0.0,seller_agg,1.0,tight,5,0.0,0.0,0.0,5.0
1,675700,Mark 14,Mark 38,VEV_4000,1218.0,seller_agg,20.0,tight,1,2.0,-2.5,3.5,-2.5
1,679600,Mark 55,Mark 14,VELVETFRUIT_EXTRACT,5227.0,buyer_agg,5.0,tight,1,-1.0,-2.0,13.0,-2.0
1,680600,Mark 14,Mark 38,VEV_4000,1212.0,seller_agg,20.0,tight,1,-0.5,2.5,16.5,2.0
1,680800,Mark 14,Mark 38,HYDROGEL_PACK,9994.0,seller_agg,16.0,tight,1,-9.0,4.0,4.0,3.0
1,681500,Mark 38,Mark 14,HYDROGEL_PACK,10005.0,buyer_agg,16.0,tight,1,3.0,7.0,14.0,4.0
1,682600,Mark 14,Mark 38,VEV_4000,1214.0,seller_agg,21.0,tight,1,0.0,4.0,10.0,2.5
1,684000,Mark 01,Mark 22,VEV_5400,11.0,seller_agg,1.0,tight,4,0.0,0.0,1.0,2.5
1,684000,Mark 01,Mark 22,VEV_5500,4.0,seller_agg,1.0,tight,4,0.0,0.0,1.0,2.5
1,684000,Mark 01,Mark 22,VEV_6000,0.0,seller_agg,1.0,tight,4,0.0,0.0,0.0,2.5
1,684000,Mark 01,Mark 22,VEV_6500,0.0,seller_agg,1.0,tight,4,0.0,0.0,0.0,2.5
1,684500,Mark 14,Mark 38,HYDROGEL_PACK,9989.0,seller_agg,16.0,tight,1,7.0,-3.0,23.0,1.5
1,685200,Mark 55,Mark 01,VELVETFRUIT_EXTRACT,5231.0,buyer_agg,5.0,tight,1,4.0,4.0,15.0,4.0
1,688400,Mark 55,Mark 14,VELVETFRUIT_EXTRACT,5236.0,buyer_agg,3.0,tight,1,2.0,3.0,1.0,3.0
1,688600,Mark 55,Mark 14,VELVETFRUIT_EXTRACT,5237.0,buyer_agg,5.0,tight,1,0.0,4.0,1.0,4.0
1,688900,Mark 14,Mark 38,VEV_4000,1226.0,seller_agg,21.0,tight,1,-2.0,4.0,-1.5,4.0
1,690500,Mark 38,Mark 14,HYDROGEL_PACK,10013.0,buyer_agg,16.0,tight,1,0.0,10.0,39.0,-4.0
1,693000,Mark 14,Mark 55,VELVETFRUIT_EXTRACT,5230.0,seller_agg,5.0,tight,1,1.5,10.0,18.0,10.0
1,693600,Mark 67,Mark 22,VELVETFRUIT_EXTRACT,5235.0,buyer_agg,2.0,tight,1,4.0,7.5,18.5,7.5
1,694600,Mark 14,Mark 55,VELVETFRUIT_EXTRACT,5237.0,seller_agg,5.0,tight,1,3.5,-1.0,16.0,-1.0
1,694900,Mark 14,Mark 38,HYDROGEL_PACK,10011.0,seller_agg,16.0,tight,1,-1.0,12.0,25.5,-2.0
1,695200,Mark 14,Mark 38,HYDROGEL_PACK,10010.0,seller_agg,16.0,tight,1,5.0,15.0,38.0,-5.5
1,695900,Mark 38,Mark 14,HYDROGEL_PACK,10034.0,buyer_agg,16.0,tight,1,0.0,10.0,26.0,-3.0
1,696000,Mark 14,Mark 38,VEV_4000,1227.0,seller_agg,21.0,tight,1,1.0,-2.0,19.0,-3.5
1,698300,Mark 38,Mark 14,HYDROGEL_PACK,10048.0,buyer_agg,16.0,tight,1,-4.0,2.0,16.0,4.0
1,699100,Mark 14,Mark 38,HYDROGEL_PACK,10035.0,seller_agg,16.0,tight,1,1.0,1.0,6.0,10.5
1,700400,Mark 38,Mark 14,HYDROGEL_PACK,10052.0,buyer_agg,16.0,tight,1,-4.0,-10.0,-3.0,4.0
1,701200,Mark 38,Mark 14,HYDROGEL_PACK,10052.0,buyer_agg,16.0,tight,5,-1.0,-1.0,-3.0,8.0
1,701200,Mark 01,Mark 22,VEV_5400,13.0,seller_agg,1.0,tight,5,0.0,1.0,2.5,8.0
1,701200,Mark 01,Mark 22,VEV_5500,5.0,seller_agg,1.0,tight,5,0.0,1.0,1.0,8.0
1,701200,Mark 01,Mark 22,VEV_6000,0.0,seller_agg,1.0,tight,5,0.0,0.0,0.0,8.0
1,701200,Mark 01,Mark 22,VEV_6500,0.0,seller_agg,1.0,tight,5,0.0,0.0,0.0,8.0
1,701500,Mark 38,Mark 14,HYDROGEL_PACK,10054.0,buyer_agg,16.0,tight,1,-9.0,-5.0,-7.0,8.0
1,702500,Mark 55,Mark 01,VELVETFRUIT_EXTRACT,5248.0,buyer_agg,5.0,tight,1,5.0,9.0,17.0,9.0
1,702700,Mark 55,Mark 14,VELVETFRUIT_EXTRACT,5249.0,buyer_agg,5.0,tight,1,4.0,8.0,17.0,8.0
1,703000,Mark 14,Mark 38,HYDROGEL_PACK,10027.0,seller_agg,16.0,tight,1,6.0,15.0,9.0,2.0
1,703100,Mark 67,Mark 22,VELVETFRUIT_EXTRACT,5249.0,buyer_agg,2.0,tight,1,4.5,6.5,18.5,6.5
1,703200,Mark 01,Mark 22,VEV_5400,14.0,seller_agg,1.0,tight,4,0.5,1.0,3.5,3.5
1,703200,Mark 01,Mark 22,VEV_5500,6.0,seller_agg,1.0,tight,4,0.0,0.0,1.0,3.5
1,703200,Mark 01,Mark 22,VEV_6000,0.0,seller_agg,1.0,tight,4,0.0,0.0,0.0,3.5
1,703200,Mark 01,Mark 22,VEV_6500,0.0,seller_agg,1.0,tight,4,0.0,0.0,0.0,3.5
1,704700,Mark 55,Mark 01,VELVETFRUIT_EXTRACT,5257.0,buyer_agg,5.0,tight,1,-0.5,5.0,14.5,5.0
1,707100,Mark 38,Mark 14,HYDROGEL_PACK,10056.0,buyer_agg,16.0,tight,1,4.0,1.0,6.0,-4.0
1,710500,Mark 14,Mark 22,VEV_5300,49.0,seller_agg,2.0,tight,5,0.0,2.0,4.0,6.0
1,710500,Mark 01,Mark 22,VEV_5400,15.0,seller_agg,1.0,tight,5,0.5,1.0,2.0,6.0
1,710500,Mark 01,Mark 22,VEV_5500,6.0,seller_agg,1.0,tight,5,0.0,1.0,1.0,6.0
1,710500,Mark 01,Mark 22,VEV_6000,0.0,seller_agg,1.0,tight,5,0.0,0.0,0.0,6.0
1,710500,Mark 01,Mark 22,VEV_6500,0.0,seller_agg,1.0,tight,5,0.0,0.0,0.0,6.0
1,713400,Mark 67,Mark 49,VELVETFRUIT_EXTRACT,5269.0,buyer_agg,1.0,tight,1,4.0,2.5,-1.0,2.5
1,713900,Mark 55,Mark 14,VELVETFRUIT_EXTRACT,5275.0,buyer_agg,5.0,tight,1,-1.0,-1.0,-2.5,-1.0
1,715000,Mark 01,Mark 22,VEV_5400,18.0,seller_agg,1.0,tight,4,0.5,0.0,-0.5,2.0
1,715000,Mark 01,Mark 22,VEV_5500,7.0,seller_agg,1.0,tight,4,1.0,0.5,0.0,2.0
1,715000,Mark 01,Mark 22,VEV_6000,0.0,seller_agg,1.0,tight,4,0.0,0.0,0.0,2.0
1,715000,Mark 01,Mark 22,VEV_6500,0.0,seller_agg,1.0,tight,4,0.0,0.0,0.0,2.0
1,716000,Mark 14,Mark 55,VELVETFRUIT_EXTRACT,5270.0,seller_agg,5.0,tight,1,0.0,-4.0,-11.0,-4.0
1,716700,Mark 38,Mark 14,HYDROGEL_PACK,10059.0,buyer_agg,16.0,tight,1,3.0,4.0,16.0,-4.0
1,719600,Mark 14,Mark 38,VEV_4000,1254.0,seller_agg,21.0,tight,1,1.0,0.5,0.0,0.5
1,720500,Mark 14,Mark 55,VELVETFRUIT_EXTRACT,5264.0,seller_agg,5.0,tight,6,-1.0,-3.0,2.0,-3.0
1,720500,Mark 14,Mark 22,VEV_5300,53.0,seller_agg,2.0,tight,6,-1.0,-1.5,0.5,-3.0
1,720500,Mark 01,Mark 22,VEV_5400,17.0,seller_agg,1.0,tight,6,0.0,-0.5,0.5,-3.0
1,720500,Mark 01,Mark 22,VEV_5500,7.0,seller_agg,1.0,tight,6,0.0,0.0,0.5,-3.0
1,720500,Mark 01,Mark 22,VEV_6000,0.0,seller_agg,1.0,tight,6,0.0,0.0,0.0,-3.0
1,720500,Mark 01,Mark 22,VEV_6500,0.0,seller_agg,1.0,tight,6,0.0,0.0,0.0,-3.0
1,721200,Mark 14,Mark 55,VELVETFRUIT_EXTRACT,5263.0,seller_agg,5.0,tight,1,-1.0,1.0,8.0,1.0
1,721900,Mark 14,Mark 38,VEV_4000,1253.0,seller_agg,22.0,wide,1,-1.0,6.0,16.5,6.0
1,722300,Mark 55,Mark 14,VELVETFRUIT_EXTRACT,5265.0,buyer_agg,5.0,tight,1,3.0,6.0,18.0,6.0
1,724400,Mark 14,Mark 38,HYDROGEL_PACK,10065.0,seller_agg,16.0,tight,1,1.0,-4.5,-40.0,-5.5
1,725000,Mark 01,Mark 22,VEV_5300,53.0,seller_agg,2.0,tight,5,-1.0,-3.0,7.0,-8.0
1,725000,Mark 01,Mark 22,VEV_5400,17.0,seller_agg,2.0,wide,5,-0.5,-1.5,3.5,-8.0
1,725000,Mark 01,Mark 22,VEV_5500,7.0,seller_agg,1.0,tight,5,0.0,-0.5,2.0,-8.0
1,725000,Mark 01,Mark 22,VEV_6000,0.0,seller_agg,1.0,tight,5,0.0,0.0,0.0,-8.0
1,725000,Mark 01,Mark 22,VEV_6500,0.0,seller_agg,1.0,tight,5,0.0,0.0,0.0,-8.0
1,725400,Mark 55,Mark 01,VELVETFRUIT_EXTRACT,5267.0,buyer_agg,6.0,wide,1,-2.0,-5.5,14.0,-5.5
1,725800,Mark 14,Mark 38,HYDROGEL_PACK,10068.0,seller_agg,17.0,wide,2,-8.5,-9.5,-26.0,-4.0
1,725800,Mark 55,Mark 14,VELVETFRUIT_EXTRACT,5265.0,buyer_agg,5.0,tight,2,0.0,-4.0,17.0,-4.0
1,726600,Mark 55,Mark 14,VELVETFRUIT_EXTRACT,5264.0,buyer_agg,5.0,tight,1,-2.0,-4.0,14.0,-4.0
1,726700,Mark 38,Mark 14,HYDROGEL_PACK,10075.0,buyer_agg,16.0,tight,1,2.0,0.0,-25.0,0.5
1,727900,Mark 38,Mark 14,HYDROGEL_PACK,10075.0,buyer_agg,17.0,wide,1,1.5,-0.5,-21.5,6.5
1,728300,Mark 55,Mark 14,VELVETFRUIT_EXTRACT,5261.0,buyer_agg,5.0,tight,1,2.0,8.0,13.0,8.0
1,729700,Mark 38,Mark 14,HYDROGEL_PACK,10072.0,buyer_agg,16.0,tight,1,4.0,-8.0,-20.0,14.0
1,730800,Mark 14,Mark 38,HYDROGEL_PACK,10057.0,seller_agg,16.0,tight,1,-7.0,-22.0,-23.5,7.5
1,731000,Mark 38,Mark 14,HYDROGEL_PACK,10074.0,buyer_agg,16.0,tight,1,-11.0,-26.0,-25.0,7.0
1,731200,Mark 55,Mark 01,VELVETFRUIT_EXTRACT,5276.0,buyer_agg,5.0,tight,1,6.0,7.0,-10.0,7.0
1,732700,Mark 14,Mark 38,HYDROGEL_PACK,10035.0,seller_agg,16.0,tight,1,-8.0,-4.0,1.0,1.0
1,735100,Mark 14,Mark 22,VEV_5400,21.0,seller_agg,1.0,tight,4,-1.0,-2.0,-1.0,-8.0
1,735100,Mark 01,Mark 22,VEV_5500,9.0,seller_agg,1.0,tight,4,-0.5,-1.0,-1.0,-8.0
1,735100,Mark 01,Mark 22,VEV_6000,0.0,seller_agg,1.0,tight,4,0.0,0.0,0.0,-8.0
1,735100,Mark 01,Mark 22,VEV_6500,0.0,seller_agg,1.0,tight,4,0.0,0.0,0.0,-8.0
1,738100,Mark 38,Mark 14,VEV_4000,1282.0,buyer_agg,21.0,tight,1,-1.0,-9.0,-0.5,-9.0
1,741200,Mark 38,Mark 14,HYDROGEL_PACK,10052.0,buyer_agg,16.0,tight,1,0.0,2.5,8.0,2.5
1,741600,Mark 14,Mark 55,VELVETFRUIT_EXTRACT,5263.0,seller_agg,5.0,tight,1,-1.0,4.0,2.5,4.0
1,741900,Mark 01,Mark 22,VEV_5400,17.0,seller_agg,2.0,wide,4,-0.5,0.5,0.5,4.0
1,741900,Mark 01,Mark 22,VEV_5500,7.0,seller_agg,1.0,tight,4,0.0,0.5,0.0,4.0
1,741900,Mark 01,Mark 22,VEV_6000,0.0,seller_agg,1.0,tight,4,0.0,0.0,0.0,4.0
1,741900,Mark 01,Mark 22,VEV_6500,0.0,seller_agg,1.0,tight,4,0.0,0.0,0.0,4.0
1,742700,Mark 38,Mark 14,HYDROGEL_PACK,10052.0,buyer_agg,16.0,tight,1,2.5,4.0,16.0,10.5
1,743600,Mark 14,Mark 38,VEV_4000,1259.0,seller_agg,21.0,tight,1,2.0,7.0,-7.0,7.0
1,743800,Mark 38,Mark 14,VEV_4000,1279.0,buyer_agg,21.0,tight,1,5.5,8.0,-8.0,8.0
1,745000,Mark 14,Mark 38,HYDROGEL_PACK,10036.0,seller_agg,16.0,tight,1,6.0,16.0,22.0,-1.0
1,746300,Mark 14,Mark 22,VEV_5400,20.0,seller_agg,1.0,tight,4,-0.5,-1.0,-3.0,-4.5
1,746300,Mark 01,Mark 22,VEV_5500,8.0,seller_agg,1.0,tight,4,0.0,0.0,-1.0,-4.5
1,746300,Mark 01,Mark 22,VEV_6000,0.0,seller_agg,1.0,tight,4,0.0,0.0,0.0,-4.5
1,746300,Mark 01,Mark 22,VEV_6500,0.0,seller_agg,1.0,tight,4,0.0,0.0,0.0,-4.5
1,747400,Mark 14,Mark 38,VEV_4000,1264.0,seller_agg,21.0,tight,1,-4.0,-1.0,-5.0,-1.0
1,747700,Mark 14,Mark 38,VEV_4000,1261.0,seller_agg,21.0,tight,1,0.5,3.0,-3.0,3.0
1,749700,Mark 55,Mark 01,VELVETFRUIT_EXTRACT,5277.0,buyer_agg,5.0,tight,1,-3.0,-5.0,1.5,-5.0
1,749800,Mark 14,Mark 38,HYDROGEL_PACK,10044.0,seller_agg,16.0,tight,1,-2.0,4.0,8.0,-5.0
1,750500,Mark 55,Mark 01,VELVETFRUIT_EXTRACT,5273.0,buyer_agg,5.0,tight,1,-0.5,-1.0,4.0,-1.0
1,752500,Mark 55,Mark 14,VELVETFRUIT_EXTRACT,5272.0,buyer_agg,5.0,tight,1,-4.0,-8.0,2.0,-8.0
1,753400,Mark 14,Mark 38,VEV_4000,1253.0,seller_agg,22.0,wide,1,-3.5,-0.5,6.5,-0.5
1,754200,Mark 01,Mark 22,VEV_5400,16.0,seller_agg,1.0,tight,4,0.5,1.0,1.5,5.0
1,754200,Mark 01,Mark 22,VEV_5500,6.0,seller_agg,2.0,wide,4,0.5,0.5,0.5,5.0
1,754200,Mark 01,Mark 22,VEV_6000,0.0,seller_agg,1.0,tight,4,0.0,0.0,0.0,5.0
1,754200,Mark 01,Mark 22,VEV_6500,0.0,seller_agg,1.0,tight,4,0.0,0.0,0.0,5.0
1,755800,Mark 14,Mark 55,VELVETFRUIT_EXTRACT,5260.0,seller_agg,5.0,tight,1,3.0,7.0,8.0,7.0
1,756300,Mark 38,Mark 14,VEV_4000,1276.0,buyer_agg,21.0,tight,1,0.0,6.5,6.0,5.5
1,756600,Mark 14,Mark 38,HYDROGEL_PACK,10062.0,seller_agg,16.0,tight,1,3.0,1.5,-14.0,11.0
1,759100,Mark 38,Mark 14,HYDROGEL_PACK,10073.0,buyer_agg,16.0,tight,1,-9.0,-15.0,0.0,-4.0
1,760000,Mark 01,Mark 22,VEV_5400,19.0,seller_agg,2.0,wide,4,-0.5,-1.0,-2.5,-4.0
1,760000,Mark 01,Mark 22,VEV_5500,8.0,seller_agg,1.0,tight,4,0.0,0.0,-1.0,-4.0
1,760000,Mark 01,Mark 22,VEV_6000,0.0,seller_agg,1.0,tight,4,0.0,0.0,0.0,-4.0
1,760000,Mark 01,Mark 22,VEV_6500,0.0,seller_agg,1.0,tight,4,0.0,0.0,0.0,-4.0
1,760200,Mark 55,Mark 01,VELVETFRUIT_EXTRACT,5277.0,buyer_agg,5.0,tight,1,-2.0,-3.0,-6.0,-3.0
1,760900,Mark 38,Mark 14,HYDROGEL_PACK,10055.0,buyer_agg,16.0,tight,1,4.0,6.0,23.0,-1.0
1,762400,Mark 01,Mark 55,VELVETFRUIT_EXTRACT,5268.0,seller_agg,6.0,wide,1,1.5,-2.5,-9.5,-2.5
1,762700,Mark 14,Mark 38,VEV_4000,1261.0,seller_agg,22.0,wide,1,-0.5,-1.5,-10.5,-1.5
1,764300,Mark 14,Mark 38,VEV_4000,1258.0,seller_agg,22.0,wide,1,-0.5,2.5,-7.5,2.0
1,765100,Mark 14,Mark 55,VELVETFRUIT_EXTRACT,5265.0,seller_agg,5.0,tight,1,2.0,7.0,-5.5,7.0
1,765800,Mark 14,Mark 38,HYDROGEL_PACK,10048.0,seller_agg,16.0,tight,1,0.0,5.0,8.0,4.0
1,767100,Mark 38,Mark 14,HYDROGEL_PACK,10063.0,buyer_agg,16.0,tight,1,9.0,10.0,11.0,-3.0
1,767200,Mark 55,Mark 14,VELVETFRUIT_EXTRACT,5276.0,buyer_agg,5.0,tight,1,1.0,-2.0,-9.0,-2.0
1,768100,Mark 14,Mark 38,HYDROGEL_PACK,10056.0,seller_agg,16.0,tight,1,-3.0,4.0,-4.0,-6.0
1,768200,Mark 14,Mark 38,HYDROGEL_PACK,10056.0,seller_agg,16.0,tight,1,-1.5,2.0,-1.0,-7.0
1,768700,Mark 14,Mark 55,VELVETFRUIT_EXTRACT,5270.0,seller_agg,5.0,tight,1,-1.0,-5.0,-4.0,-5.0
1,768800,Mark 38,Mark 14,HYDROGEL_PACK,10071.0,buyer_agg,16.0,tight,1,0.0,6.0,6.0,-3.5
1,771700,Mark 55,Mark 14,VELVETFRUIT_EXTRACT,5264.0,buyer_agg,5.0,tight,1,2.0,-1.0,-5.0,-1.0
1,772000,Mark 38,Mark 14,HYDROGEL_PACK,10082.0,buyer_agg,16.0,tight,2,1.5,-10.0,-7.0,0.5
1,772000,Mark 38,Mark 14,VEV_4000,1273.0,buyer_agg,21.0,tight,2,0.0,0.5,-3.0,0.5
1,772500,Mark 01,Mark 55,VELVETFRUIT_EXTRACT,5260.0,seller_agg,5.0,tight,1,-3.0,-2.0,-4.0,-2.0
1,772600,Mark 55,Mark 14,VELVETFRUIT_EXTRACT,5265.0,buyer_agg,5.0,tight,1,-1.0,-1.5,-3.0,-1.5
1,775000,Mark 55,Mark 01,VELVETFRUIT_EXTRACT,5266.0,buyer_agg,6.0,wide,1,-3.5,4.0,-7.5,4.0
1,775100,Mark 14,Mark 38,HYDROGEL_PACK,10056.0,seller_agg,16.0,tight,1,1.0,2.0,1.0,4.0
1,775300,Mark 14,Mark 38,VEV_4000,1250.0,seller_agg,21.0,tight,1,1.0,3.0,-6.0,3.0
1,777000,Mark 55,Mark 01,VELVETFRUIT_EXTRACT,5270.0,buyer_agg,6.0,wide,1,-0.5,0.5,-8.5,0.5
1,782100,Mark 38,Mark 14,HYDROGEL_PACK,10078.0,buyer_agg,16.0,tight,1,-5.0,-3.0,-25.0,0.5
1,782500,Mark 38,Mark 14,HYDROGEL_PACK,10072.0,buyer_agg,16.0,tight,1,0.5,0.0,-21.0,-1.0
1,782700,Mark 38,Mark 14,HYDROGEL_PACK,10075.0,buyer_agg,17.0,wide,1,3.5,1.0,-24.5,0.0
1,783300,Mark 14,Mark 38,VEV_4000,1249.0,seller_agg,21.0,tight,1,2.0,-5.0,-5.0,-5.0
1,784400,Mark 38,Mark 14,HYDROGEL_PACK,10072.0,buyer_agg,16.0,tight,1,6.0,2.0,-27.0,-3.0
1,785200,Mark 14,Mark 38,HYDROGEL_PACK,10056.0,seller_agg,16.0,tight,1,1.0,-7.0,-26.0,2.0
1,785800,Mark 14,Mark 38,HYDROGEL_PACK,10056.0,seller_agg,16.0,tight,5,0.0,-10.0,-22.0,4.0
1,785800,Mark 01,Mark 22,VEV_5400,15.0,seller_agg,1.0,tight,5,-0.5,0.5,-0.5,4.0
1,785800,Mark 01,Mark 22,VEV_5500,6.0,seller_agg,1.0,tight,5,-0.5,0.0,0.0,4.0
1,785800,Mark 01,Mark 22,VEV_6000,0.0,seller_agg,1.0,tight,5,0.0,0.0,0.0,4.0
1,785800,Mark 01,Mark 22,VEV_6500,0.0,seller_agg,1.0,tight,5,0.0,0.0,0.0,4.0
1,786700,Mark 14,Mark 38,HYDROGEL_PACK,10054.0,seller_agg,16.0,tight,1,-5.0,0.0,-26.5,3.5
1,786900,Mark 14,Mark 38,VEV_4000,1250.0,seller_agg,21.0,tight,1,-3.0,0.5,-8.0,0.5
1,787700,Mark 55,Mark 01,VELVETFRUIT_EXTRACT,5260.0,buyer_agg,6.0,wide,1,2.5,6.5,-0.5,6.5
1,787800,Mark 55,Mark 14,VELVETFRUIT_EXTRACT,5261.0,buyer_agg,5.0,tight,1,1.0,6.0,-2.0,6.0
1,789200,Mark 14,Mark 38,VEV_4000,1250.0,seller_agg,22.0,wide,1,2.5,0.5,-8.5,-1.0
1,790700,Mark 38,Mark 14,HYDROGEL_PACK,10063.0,buyer_agg,16.0,tight,1,4.0,-13.0,-42.0,-5.5
1,792200,Mark 38,Mark 14,HYDROGEL_PACK,10052.0,buyer_agg,16.0,tight,2,-2.0,-4.0,-32.0,-5.5
1,792200,Mark 22,Mark 55,VELVETFRUIT_EXTRACT,5259.0,seller_agg,4.0,tight,2,-4.5,-5.5,-15.5,-5.5
1,794800,Mark 55,Mark 01,VELVETFRUIT_EXTRACT,5258.0,buyer_agg,3.0,tight,1,-3.0,-2.0,-16.0,-2.0
1,794900,Mark 14,Mark 55,VELVETFRUIT_EXTRACT,5251.0,seller_agg,5.0,tight,1,0.5,-1.0,-13.5,-1.0
1,796600,Mark 14,Mark 55,VELVETFRUIT_EXTRACT,5251.0,seller_agg,5.0,tight,1,1.0,3.0,-6.5,3.0
1,797600,Mark 14,Mark 38,HYDROGEL_PACK,10024.0,seller_agg,16.0,tight,1,2.0,-12.0,-22.0,-2.0
1,798100,Mark 01,Mark 22,VEV_5400,15.0,seller_agg,1.0,tight,4,0.0,-1.0,-1.5,-4.0
1,798100,Mark 01,Mark 22,VEV_5500,6.0,seller_agg,1.0,tight,4,0.0,-0.5,-1.0,-4.0
1,798100,Mark 01,Mark 22,VEV_6000,0.0,seller_agg,1.0,tight,4,0.0,0.0,0.0,-4.0
1,798100,Mark 01,Mark 22,VEV_6500,0.0,seller_agg,1.0,tight,4,0.0,0.0,0.0,-4.0
1,799500,Mark 38,Mark 14,HYDROGEL_PACK,10029.0,buyer_agg,16.0,tight,1,-5.5,-13.0,-10.0,-4.0
1,799900,Mark 14,Mark 55,VELVETFRUIT_EXTRACT,5249.0,seller_agg,5.0,tight,1,-2.0,-6.0,-7.0,-6.0
1,800100,Mark 14,Mark 38,HYDROGEL_PACK,10012.0,seller_agg,16.0,tight,1,-4.0,-10.0,-11.0,-6.0
1,800400,Mark 01,Mark 22,VEV_5300,45.0,seller_agg,2.0,tight,4,0.0,-2.0,-3.0,-5.5
1,800400,Mark 01,Mark 22,VEV_5500,5.0,seller_agg,1.0,tight,4,0.0,0.0,0.0,-5.5
1,800400,Mark 01,Mark 22,VEV_6000,0.0,seller_agg,1.0,tight,4,0.0,0.0,0.0,-5.5
1,800400,Mark 01,Mark 22,VEV_6500,0.0,seller_agg,1.0,tight,4,0.0,0.0,0.0,-5.5
1,800600,Mark 38,Mark 14,HYDROGEL_PACK,10024.0,buyer_agg,16.0,tight,1,-8.0,-3.0,-9.0,-8.0
1,801000,Mark 38,Mark 14,VEV_4000,1259.0,buyer_agg,21.0,tight,1,1.0,-10.0,-11.0,-10.0
1,801800,Mark 01,Mark 22,VEV_5400,13.0,seller_agg,1.0,tight,4,0.0,-1.0,-2.0,-6.0
1,801800,Mark 01,Mark 22,VEV_5500,5.0,seller_agg,1.0,tight,4,0.0,0.0,-1.0,-6.0
1,801800,Mark 01,Mark 22,VEV_6000,0.0,seller_agg,1.0,tight,4,0.0,0.0,0.0,-6.0
1,801800,Mark 01,Mark 22,VEV_6500,0.0,seller_agg,1.0,tight,4,0.0,0.0,0.0,-6.0
1,802800,Mark 55,Mark 14,VELVETFRUIT_EXTRACT,5243.0,buyer_agg,5.0,tight,1,0.0,0.0,-7.0,0.0
1,803000,Mark 38,Mark 14,HYDROGEL_PACK,10019.0,buyer_agg,16.0,tight,1,1.0,0.0,-4.0,1.0
1,803400,Mark 67,Mark 22,VELVETFRUIT_EXTRACT,5240.0,buyer_agg,2.0,tight,1,2.5,2.5,-10.0,2.5
1,804900,Mark 14,Mark 38,VEV_4000,1230.0,seller_agg,20.0,tight,1,1.5,9.5,-11.5,9.5
1,805300,Mark 14,Mark 38,HYDROGEL_PACK,9998.0,seller_agg,16.0,tight,1,2.0,2.0,-6.0,10.0
