timestamp,buyer,seller,product,currency,price,quantity,day,bid_price_1,ask_price_1,mid_price,fwd_mid_delta_5,fwd_mid_delta_20,fwd_mid_delta_100,spread,aggr_buy,aggr_sell,spread_q,hour_bin,u_mid,fwd_u_20
4500,Mark 01,Mark 22,VEV_5400,XIRECS,18.0,2,1,18,19,18.5,-0.5,-0.5,-3.5,1.0,False,True,tight_le2,0,5254.5,-4.0
4500,Mark 01,Mark 22,VEV_5500,XIRECS,8.0,2,1,8,9,8.5,0.0,-0.5,-2.0,1.0,False,True,tight_le2,0,5254.5,-4.0
4500,Mark 01,Mark 22,VEV_6000,XIRECS,0.0,2,1,0,1,0.5,0.0,0.0,0.0,1.0,False,True,tight_le2,0,5254.5,-4.0
4500,Mark 01,Mark 22,VEV_6500,XIRECS,0.0,2,1,0,1,0.5,0.0,0.0,0.0,1.0,False,True,tight_le2,0,5254.5,-4.0
5300,Mark 38,Mark 14,VEV_4000,XIRECS,1264.0,2,1,1243,1264,1253.5,0.0,-7.0,-20.0,21.0,True,False,wide,0,5253.5,-7.0
9600,Mark 01,Mark 22,VEV_5400,XIRECS,16.0,4,1,16,18,17.0,-0.5,-1.0,-3.5,2.0,False,True,tight_le2,0,5246.5,-5.0
9600,Mark 01,Mark 22,VEV_5500,XIRECS,7.0,4,1,7,8,7.5,0.0,0.0,-1.0,1.0,False,True,tight_le2,0,5246.5,-5.0
9600,Mark 01,Mark 22,VEV_6000,XIRECS,0.0,4,1,0,1,0.5,0.0,0.0,0.0,1.0,False,True,tight_le2,0,5246.5,-5.0
9600,Mark 01,Mark 22,VEV_6500,XIRECS,0.0,4,1,0,1,0.5,0.0,0.0,0.0,1.0,False,True,tight_le2,0,5246.5,-5.0
11800,Mark 01,Mark 22,VEV_5500,XIRECS,7.0,4,1,7,8,7.5,0.0,-1.0,-1.0,1.0,False,True,tight_le2,1,5241.5,-3.0
11800,Mark 01,Mark 22,VEV_6000,XIRECS,0.0,4,1,0,1,0.5,0.0,0.0,0.0,1.0,False,True,tight_le2,1,5241.5,-3.0
11800,Mark 01,Mark 22,VEV_6500,XIRECS,0.0,4,1,0,1,0.5,0.0,0.0,0.0,1.0,False,True,tight_le2,1,5241.5,-3.0
14800,Mark 01,Mark 22,VEV_5300,XIRECS,42.0,4,1,42,44,43.0,0.0,-1.0,0.0,2.0,False,True,tight_le2,1,5234.5,-4.0
14800,Mark 01,Mark 22,VEV_5400,XIRECS,14.0,4,1,14,16,15.0,-0.5,-0.5,-0.5,2.0,False,True,tight_le2,1,5234.5,-4.0
14800,Mark 01,Mark 22,VEV_5500,XIRECS,6.0,4,1,6,7,6.5,0.0,0.0,0.0,1.0,False,True,tight_le2,1,5234.5,-4.0
14800,Mark 01,Mark 22,VEV_6000,XIRECS,0.0,4,1,0,1,0.5,0.0,0.0,0.0,1.0,False,True,tight_le2,1,5234.5,-4.0
14800,Mark 01,Mark 22,VEV_6500,XIRECS,0.0,4,1,0,1,0.5,0.0,0.0,0.0,1.0,False,True,tight_le2,1,5234.5,-4.0
16700,Mark 14,Mark 38,VEV_4000,XIRECS,1221.0,2,1,1221,1231,1226.0,6.5,2.0,4.5,10.0,False,True,m6_10,1,5231.5,-4.5
16700,Mark 01,Mark 22,VEV_5300,XIRECS,41.0,2,1,41,43,42.0,0.0,-1.0,-1.0,2.0,False,True,tight_le2,1,5231.5,-4.5
16700,Mark 01,Mark 22,VEV_5400,XIRECS,14.0,2,1,14,15,14.5,0.0,-1.0,-0.5,1.0,False,True,tight_le2,1,5231.5,-4.5
16700,Mark 01,Mark 22,VEV_5500,XIRECS,6.0,2,1,6,7,6.5,0.0,-0.5,0.0,1.0,False,True,tight_le2,1,5231.5,-4.5
16700,Mark 01,Mark 22,VEV_6000,XIRECS,0.0,2,1,0,1,0.5,0.0,0.0,0.0,1.0,False,True,tight_le2,1,5231.5,-4.5
16700,Mark 01,Mark 22,VEV_6500,XIRECS,0.0,2,1,0,1,0.5,0.0,0.0,0.0,1.0,False,True,tight_le2,1,5231.5,-4.5
17300,Mark 14,Mark 38,VEV_4000,XIRECS,1221.0,1,1,1221,1242,1231.5,2.0,-3.0,4.0,21.0,False,True,wide,1,5231.5,-3.0
17900,Mark 38,Mark 14,VEV_4000,XIRECS,1243.0,1,1,1223,1243,1233.0,-3.5,-6.5,4.5,20.0,True,False,wide,1,5233.0,-6.5
25700,Mark 38,Mark 14,VEV_4000,XIRECS,1241.0,3,1,1221,1241,1231.0,-0.5,7.5,3.0,20.0,True,False,wide,2,5231.5,7.0
36200,Mark 38,Mark 14,VEV_4000,XIRECS,1244.0,3,1,1223,1244,1233.5,-0.5,-1.5,15.0,21.0,True,False,wide,3,5233.5,-0.5
38500,Mark 01,Mark 22,VEV_5500,XIRECS,6.0,5,1,6,7,6.5,0.0,0.0,1.0,1.0,False,True,tight_le2,3,5231.5,2.0
38500,Mark 01,Mark 22,VEV_6000,XIRECS,0.0,5,1,0,1,0.5,0.0,0.0,0.0,1.0,False,True,tight_le2,3,5231.5,2.0
38500,Mark 01,Mark 22,VEV_6500,XIRECS,0.0,5,1,0,1,0.5,0.0,0.0,0.0,1.0,False,True,tight_le2,3,5231.5,2.0
40400,Mark 01,Mark 22,VEV_5300,XIRECS,41.0,4,1,41,43,42.0,0.0,-1.0,5.0,2.0,False,True,tight_le2,4,5233.5,-2.0
40400,Mark 01,Mark 22,VEV_5400,XIRECS,14.0,4,1,14,15,14.5,-0.5,-0.5,2.0,1.0,False,True,tight_le2,4,5233.5,-2.0
40400,Mark 01,Mark 22,VEV_5500,XIRECS,6.0,4,1,6,7,6.5,0.0,0.0,1.0,1.0,False,True,tight_le2,4,5233.5,-2.0
40400,Mark 01,Mark 22,VEV_6000,XIRECS,0.0,4,1,0,1,0.5,0.0,0.0,0.0,1.0,False,True,tight_le2,4,5233.5,-2.0
40400,Mark 01,Mark 22,VEV_6500,XIRECS,0.0,4,1,0,1,0.5,0.0,0.0,0.0,1.0,False,True,tight_le2,4,5233.5,-2.0
43400,Mark 01,Mark 22,VEV_5400,XIRECS,13.0,5,1,13,15,14.0,0.5,2.0,1.5,2.0,False,True,tight_le2,4,5231.5,8.5
43400,Mark 01,Mark 22,VEV_5500,XIRECS,6.0,5,1,6,7,6.5,0.0,0.5,1.0,1.0,False,True,tight_le2,4,5231.5,8.5
43400,Mark 01,Mark 22,VEV_6000,XIRECS,0.0,5,1,0,1,0.5,0.0,0.0,0.0,1.0,False,True,tight_le2,4,5231.5,8.5
43400,Mark 01,Mark 22,VEV_6500,XIRECS,0.0,5,1,0,1,0.5,0.0,0.0,0.0,1.0,False,True,tight_le2,4,5231.5,8.5
50200,Mark 14,Mark 38,VEV_4000,XIRECS,1236.0,2,1,1236,1257,1246.5,-7.5,0.0,1.0,21.0,False,True,wide,5,5246.5,0.0
50300,Mark 38,Mark 14,VEV_4000,XIRECS,1257.0,3,1,1236,1257,1246.5,-3.0,1.0,1.0,21.0,True,False,wide,5,5246.0,1.5
50700,Mark 01,Mark 22,VEV_5400,XIRECS,16.0,5,1,16,17,16.5,0.0,0.5,0.0,1.0,False,True,tight_le2,5,5244.0,2.0
50700,Mark 01,Mark 22,VEV_5500,XIRECS,7.0,5,1,7,8,7.5,0.0,0.0,0.0,1.0,False,True,tight_le2,5,5244.0,2.0
50700,Mark 01,Mark 22,VEV_6000,XIRECS,0.0,5,1,0,1,0.5,0.0,0.0,0.0,1.0,False,True,tight_le2,5,5244.0,2.0
50700,Mark 01,Mark 22,VEV_6500,XIRECS,0.0,5,1,0,1,0.5,0.0,0.0,0.0,1.0,False,True,tight_le2,5,5244.0,2.0
52800,Mark 01,Mark 22,VEV_5400,XIRECS,16.0,3,1,16,17,16.5,0.0,0.0,-0.5,1.0,False,True,tight_le2,5,5247.5,-3.0
52800,Mark 01,Mark 22,VEV_5500,XIRECS,7.0,3,1,7,8,7.5,0.0,0.0,0.0,1.0,False,True,tight_le2,5,5247.5,-3.0
52800,Mark 01,Mark 22,VEV_6000,XIRECS,0.0,3,1,0,1,0.5,0.0,0.0,0.0,1.0,False,True,tight_le2,5,5247.5,-3.0
52800,Mark 01,Mark 22,VEV_6500,XIRECS,0.0,3,1,0,1,0.5,0.0,0.0,0.0,1.0,False,True,tight_le2,5,5247.5,-3.0
53400,Mark 14,Mark 22,VEV_5500,XIRECS,7.0,2,1,7,8,7.5,0.0,0.0,0.0,1.0,False,True,tight_le2,5,5242.5,5.0
53400,Mark 01,Mark 22,VEV_6000,XIRECS,0.0,2,1,0,1,0.5,0.0,0.0,0.0,1.0,False,True,tight_le2,5,5242.5,5.0
53400,Mark 01,Mark 22,VEV_6500,XIRECS,0.0,2,1,0,1,0.5,0.0,0.0,0.0,1.0,False,True,tight_le2,5,5242.5,5.0
53800,Mark 38,Mark 14,VEV_4000,XIRECS,1255.0,2,1,1234,1255,1244.5,-1.0,1.0,-2.0,21.0,True,False,wide,5,5242.5,3.0
54400,Mark 14,Mark 38,VEV_4000,XIRECS,1234.0,3,1,1234,1255,1244.5,-1.0,1.0,0.0,21.0,False,True,wide,5,5244.5,1.0
57600,Mark 38,Mark 14,VEV_4000,XIRECS,1257.0,3,1,1236,1257,1246.5,2.0,0.0,0.0,21.0,True,False,wide,5,5246.5,0.0
62600,Mark 38,Mark 14,VEV_4000,XIRECS,1254.0,1,1,1233,1254,1243.5,-1.5,-1.0,-5.0,21.0,True,False,wide,6,5243.5,-1.0
63100,Mark 38,Mark 14,VEV_4000,XIRECS,1252.0,3,1,1232,1252,1242.0,3.5,2.5,-3.5,20.0,True,False,wide,6,5242.0,2.5
68000,Mark 38,Mark 14,VEV_4000,XIRECS,1258.0,2,1,1237,1258,1247.5,-1.0,-4.0,-9.0,21.0,True,False,wide,6,5247.5,-4.0
70500,Mark 14,Mark 38,VEV_4000,XIRECS,1232.0,1,1,1232,1252,1242.0,-0.5,-3.0,-4.5,20.0,False,True,wide,7,5242.0,-3.0
74100,Mark 01,Mark 22,VEV_5300,XIRECS,42.0,3,1,42,44,43.0,1.0,1.0,-2.0,2.0,False,True,tight_le2,7,5235.5,3.0
74100,Mark 01,Mark 22,VEV_5400,XIRECS,14.0,3,1,14,15,14.5,1.0,1.0,-0.5,1.0,False,True,tight_le2,7,5235.5,3.0
74100,Mark 01,Mark 22,VEV_5500,XIRECS,6.0,3,1,6,7,6.5,0.0,0.0,0.0,1.0,False,True,tight_le2,7,5235.5,3.0
74100,Mark 01,Mark 22,VEV_6000,XIRECS,0.0,3,1,0,1,0.5,0.0,0.0,0.0,1.0,False,True,tight_le2,7,5235.5,3.0
74100,Mark 01,Mark 22,VEV_6500,XIRECS,0.0,3,1,0,1,0.5,0.0,0.0,0.0,1.0,False,True,tight_le2,7,5235.5,3.0
78300,Mark 14,Mark 38,VEV_4000,XIRECS,1229.0,3,1,1229,1250,1239.5,0.0,-2.0,1.0,21.0,False,True,wide,7,5239.5,-2.0
84300,Mark 38,Mark 14,VEV_4000,XIRECS,1243.0,1,1,1222,1243,1232.5,2.0,5.0,11.0,21.0,True,False,wide,8,5232.5,5.0
85300,Mark 14,Mark 22,VEV_5300,XIRECS,42.0,2,1,42,44,43.0,0.0,1.0,3.0,2.0,False,True,tight_le2,8,5235.0,4.5
85300,Mark 01,Mark 22,VEV_5400,XIRECS,14.0,2,1,14,15,14.5,0.0,1.0,1.5,1.0,False,True,tight_le2,8,5235.0,4.5
85300,Mark 01,Mark 22,VEV_5500,XIRECS,6.0,2,1,6,7,6.5,0.0,0.0,0.5,1.0,False,True,tight_le2,8,5235.0,4.5
85300,Mark 01,Mark 22,VEV_6000,XIRECS,0.0,2,1,0,1,0.5,0.0,0.0,0.0,1.0,False,True,tight_le2,8,5235.0,4.5
85300,Mark 01,Mark 22,VEV_6500,XIRECS,0.0,2,1,0,1,0.5,0.0,0.0,0.0,1.0,False,True,tight_le2,8,5235.0,4.5
86100,Mark 01,Mark 22,VEV_5400,XIRECS,14.0,5,1,14,16,15.0,-0.5,0.5,0.5,2.0,False,True,tight_le2,8,5237.0,3.5
86100,Mark 01,Mark 22,VEV_5500,XIRECS,6.0,5,1,6,7,6.5,0.0,0.0,0.0,1.0,False,True,tight_le2,8,5237.0,3.5
86100,Mark 01,Mark 22,VEV_6000,XIRECS,0.0,5,1,0,1,0.5,0.0,0.0,0.0,1.0,False,True,tight_le2,8,5237.0,3.5
86100,Mark 01,Mark 22,VEV_6500,XIRECS,0.0,5,1,0,1,0.5,0.0,0.0,0.0,1.0,False,True,tight_le2,8,5237.0,3.5
89300,Mark 14,Mark 38,VEV_4000,XIRECS,1232.0,3,1,1232,1253,1242.5,-4.5,-1.0,3.0,21.0,False,True,wide,8,5242.5,-1.0
89800,Mark 01,Mark 22,VEV_5300,XIRECS,45.0,4,1,45,47,46.0,0.0,-1.0,1.0,2.0,False,True,tight_le2,8,5243.5,-2.0
89800,Mark 01,Mark 22,VEV_5400,XIRECS,15.0,4,1,15,17,16.0,0.0,-0.5,1.0,2.0,False,True,tight_le2,8,5243.5,-2.0
89800,Mark 01,Mark 22,VEV_6000,XIRECS,0.0,4,1,0,1,0.5,0.0,0.0,0.0,1.0,False,True,tight_le2,8,5243.5,-2.0
89800,Mark 01,Mark 22,VEV_6500,XIRECS,0.0,4,1,0,1,0.5,0.0,0.0,0.0,1.0,False,True,tight_le2,8,5243.5,-2.0
102500,Mark 14,Mark 38,VEV_4000,XIRECS,1235.0,1,1,1235,1256,1245.5,2.0,4.0,17.5,21.0,False,True,wide,10,5245.5,4.0
102800,Mark 14,Mark 38,VEV_4000,XIRECS,1236.0,1,1,1236,1257,1246.5,0.0,3.0,15.0,21.0,False,True,wide,10,5247.0,2.5
120300,Mark 01,Mark 22,VEV_5400,XIRECS,18.0,4,1,18,19,18.5,1.0,1.5,1.0,1.0,False,True,tight_le2,12,5257.5,6.5
120300,Mark 01,Mark 22,VEV_5500,XIRECS,8.0,4,1,8,9,8.5,0.0,0.0,0.0,1.0,False,True,tight_le2,12,5257.5,6.5
120300,Mark 01,Mark 22,VEV_6000,XIRECS,0.0,4,1,0,1,0.5,0.0,0.0,0.0,1.0,False,True,tight_le2,12,5257.5,6.5
120300,Mark 01,Mark 22,VEV_6500,XIRECS,0.0,4,1,0,1,0.5,0.0,0.0,0.0,1.0,False,True,tight_le2,12,5257.5,6.5
127200,Mark 01,Mark 22,VEV_5500,XIRECS,8.0,3,1,8,9,8.5,0.5,0.0,0.0,1.0,False,True,tight_le2,12,5264.0,0.5
127200,Mark 01,Mark 22,VEV_6000,XIRECS,0.0,3,1,0,1,0.5,0.0,0.0,0.0,1.0,False,True,tight_le2,12,5264.0,0.5
127200,Mark 01,Mark 22,VEV_6500,XIRECS,0.0,3,1,0,1,0.5,0.0,0.0,0.0,1.0,False,True,tight_le2,12,5264.0,0.5
129100,Mark 38,Mark 14,VEV_4000,XIRECS,1275.0,3,1,1253,1275,1264.0,0.0,1.5,-6.5,22.0,True,False,wide,12,5264.0,2.5
133100,Mark 14,Mark 38,VEV_4000,XIRECS,1253.0,3,1,1253,1274,1263.5,2.5,-1.5,1.5,21.0,False,True,wide,13,5263.5,0.0
135900,Mark 01,Mark 22,VEV_5300,XIRECS,52.0,3,1,52,54,53.0,0.0,-2.0,-0.5,2.0,False,True,tight_le2,13,5263.0,-5.5
135900,Mark 01,Mark 22,VEV_5400,XIRECS,19.0,3,1,19,21,20.0,0.0,-1.0,-0.5,2.0,False,True,tight_le2,13,5263.0,-5.5
135900,Mark 01,Mark 22,VEV_5500,XIRECS,8.0,3,1,8,9,8.5,0.0,-0.5,0.0,1.0,False,True,tight_le2,13,5263.0,-5.5
135900,Mark 01,Mark 22,VEV_6000,XIRECS,0.0,3,1,0,1,0.5,0.0,0.0,0.0,1.0,False,True,tight_le2,13,5263.0,-5.5
135900,Mark 01,Mark 22,VEV_6500,XIRECS,0.0,3,1,0,1,0.5,0.0,0.0,0.0,1.0,False,True,tight_le2,13,5263.0,-5.5
137000,Mark 14,Mark 38,VEV_4000,XIRECS,1252.0,3,1,1252,1273,1262.5,-3.0,-4.0,2.5,21.0,False,True,wide,13,5262.5,-4.0
137300,Mark 14,Mark 38,VEV_4000,XIRECS,1251.0,3,1,1251,1272,1261.5,-3.0,-3.0,6.0,21.0,False,True,wide,13,5261.5,-3.0
137600,Mark 38,Mark 14,VEV_4000,XIRECS,1269.0,3,1,1248,1269,1258.5,-2.0,0.0,10.0,21.0,True,False,wide,13,5259.0,-0.5
145500,Mark 01,Mark 22,VEV_5400,XIRECS,19.0,2,1,19,20,19.5,0.5,1.5,-2.5,1.0,False,True,tight_le2,14,5261.5,7.0
145500,Mark 01,Mark 22,VEV_5500,XIRECS,8.0,2,1,8,9,8.5,0.0,1.0,-1.0,1.0,False,True,tight_le2,14,5261.5,7.0
145500,Mark 01,Mark 22,VEV_6000,XIRECS,0.0,2,1,0,1,0.5,0.0,0.0,0.0,1.0,False,True,tight_le2,14,5261.5,7.0
145500,Mark 01,Mark 22,VEV_6500,XIRECS,0.0,2,1,0,1,0.5,0.0,0.0,0.0,1.0,False,True,tight_le2,14,5261.5,7.0
147900,Mark 14,Mark 38,VEV_4000,XIRECS,1256.0,1,1,1256,1278,1267.0,-2.5,-0.5,-11.5,22.0,False,True,wide,14,5268.5,-2.0
150600,Mark 01,Mark 22,VEV_5300,XIRECS,53.0,2,1,53,55,54.0,0.0,-4.0,-5.0,2.0,False,True,tight_le2,15,5265.5,-9.0
150600,Mark 01,Mark 22,VEV_5400,XIRECS,20.0,2,1,20,21,20.5,0.0,-2.0,-2.0,1.0,False,True,tight_le2,15,5265.5,-9.0
150600,Mark 01,Mark 22,VEV_5500,XIRECS,8.0,2,1,8,9,8.5,0.0,-0.5,-1.0,1.0,False,True,tight_le2,15,5265.5,-9.0
150600,Mark 01,Mark 22,VEV_6000,XIRECS,0.0,2,1,0,1,0.5,0.0,0.0,0.0,1.0,False,True,tight_le2,15,5265.5,-9.0
150600,Mark 01,Mark 22,VEV_6500,XIRECS,0.0,2,1,0,1,0.5,0.0,0.0,0.0,1.0,False,True,tight_le2,15,5265.5,-9.0
153000,Mark 01,Mark 22,VEV_5400,XIRECS,18.0,4,1,18,19,18.5,0.0,-0.5,0.0,1.0,False,True,tight_le2,15,5256.5,-3.0
153000,Mark 01,Mark 22,VEV_5500,XIRECS,7.0,4,1,7,9,8.0,-0.5,-0.5,-0.5,2.0,False,True,tight_le2,15,5256.5,-3.0
153000,Mark 01,Mark 22,VEV_6000,XIRECS,0.0,4,1,0,1,0.5,0.0,0.0,0.0,1.0,False,True,tight_le2,15,5256.5,-3.0
153000,Mark 01,Mark 22,VEV_6500,XIRECS,0.0,4,1,0,1,0.5,0.0,0.0,0.0,1.0,False,True,tight_le2,15,5256.5,-3.0
154100,Mark 14,Mark 38,VEV_4000,XIRECS,1242.0,3,1,1242,1263,1252.5,1.0,-4.5,0.0,21.0,False,True,wide,15,5252.5,-4.5
156200,Mark 14,Mark 38,VEV_4000,XIRECS,1237.0,1,1,1237,1258,1247.5,0.0,8.0,3.0,21.0,False,True,wide,15,5247.5,8.0
167600,Mark 14,Mark 38,VEV_4000,XIRECS,1242.0,2,1,1242,1263,1252.5,1.0,2.0,-7.0,21.0,False,True,wide,16,5252.0,2.5
168500,Mark 38,Mark 14,VEV_4000,XIRECS,1261.0,2,1,1250,1261,1255.5,-5.0,-12.5,-7.0,11.0,True,False,wide,16,5250.0,-1.5
168700,Mark 38,Mark 14,VEV_4000,XIRECS,1260.0,1,1,1239,1260,1249.5,1.0,0.0,-1.0,21.0,True,False,wide,16,5249.5,-0.5
170400,Mark 01,Mark 22,VEV_5400,XIRECS,17.0,5,1,17,18,17.5,0.0,0.0,-0.5,1.0,False,True,tight_le2,17,5249.5,-1.0
170400,Mark 01,Mark 22,VEV_5500,XIRECS,7.0,5,1,7,8,7.5,0.0,0.0,0.0,1.0,False,True,tight_le2,17,5249.5,-1.0
170400,Mark 01,Mark 22,VEV_6000,XIRECS,0.0,5,1,0,1,0.5,0.0,0.0,0.0,1.0,False,True,tight_le2,17,5249.5,-1.0
170400,Mark 01,Mark 22,VEV_6500,XIRECS,0.0,5,1,0,1,0.5,0.0,0.0,0.0,1.0,False,True,tight_le2,17,5249.5,-1.0
170500,Mark 14,Mark 22,VEV_5300,XIRECS,46.0,3,1,46,48,47.0,-1.0,0.0,-1.0,2.0,False,True,tight_le2,17,5248.5,1.0
170500,Mark 01,Mark 22,VEV_5500,XIRECS,7.0,3,1,7,8,7.5,0.0,0.0,0.0,1.0,False,True,tight_le2,17,5248.5,1.0
170500,Mark 01,Mark 22,VEV_6000,XIRECS,0.0,3,1,0,1,0.5,0.0,0.0,0.0,1.0,False,True,tight_le2,17,5248.5,1.0
170500,Mark 01,Mark 22,VEV_6500,XIRECS,0.0,3,1,0,1,0.5,0.0,0.0,0.0,1.0,False,True,tight_le2,17,5248.5,1.0
170900,Mark 38,Mark 14,VEV_4000,XIRECS,1260.0,3,1,1239,1260,1249.5,2.0,-2.0,-2.0,21.0,True,False,wide,17,5249.5,-3.5
172400,Mark 14,Mark 38,VEV_4000,XIRECS,1238.0,1,1,1238,1259,1248.5,-1.0,-4.0,-4.0,21.0,False,True,wide,17,5248.5,-4.0
172500,Mark 01,Mark 22,VEV_5300,XIRECS,46.0,5,1,46,48,47.0,-1.0,-2.0,-2.0,2.0,False,True,tight_le2,17,5249.5,-5.5
172500,Mark 01,Mark 22,VEV_5400,XIRECS,17.0,5,1,17,18,17.5,-0.5,-1.0,-1.0,1.0,False,True,tight_le2,17,5249.5,-5.5
172500,Mark 01,Mark 22,VEV_5500,XIRECS,7.0,5,1,7,8,7.5,0.0,-0.5,-0.5,1.0,False,True,tight_le2,17,5249.5,-5.5
172500,Mark 01,Mark 22,VEV_6000,XIRECS,0.0,5,1,0,1,0.5,0.0,0.0,0.0,1.0,False,True,tight_le2,17,5249.5,-5.5
172500,Mark 01,Mark 22,VEV_6500,XIRECS,0.0,5,1,0,1,0.5,0.0,0.0,0.0,1.0,False,True,tight_le2,17,5249.5,-5.5
184200,Mark 38,Mark 14,VEV_4000,XIRECS,1251.0,3,1,1230,1251,1240.5,1.0,-5.0,-4.0,21.0,True,False,wide,18,5240.5,-5.0
190100,Mark 01,Mark 22,VEV_5300,XIRECS,42.0,3,1,42,44,43.0,-1.0,-1.0,0.0,2.0,False,True,tight_le2,19,5238.5,-1.5
190100,Mark 01,Mark 22,VEV_5400,XIRECS,15.0,3,1,15,16,15.5,-0.5,-0.5,0.0,1.0,False,True,tight_le2,19,5238.5,-1.5
190100,Mark 01,Mark 22,VEV_5500,XIRECS,6.0,3,1,6,7,6.5,0.0,0.0,0.0,1.0,False,True,tight_le2,19,5238.5,-1.5
190100,Mark 01,Mark 22,VEV_6000,XIRECS,0.0,3,1,0,1,0.5,0.0,0.0,0.0,1.0,False,True,tight_le2,19,5238.5,-1.5
190100,Mark 01,Mark 22,VEV_6500,XIRECS,0.0,3,1,0,1,0.5,0.0,0.0,0.0,1.0,False,True,tight_le2,19,5238.5,-1.5
194200,Mark 38,Mark 14,VEV_4000,XIRECS,1247.0,2,1,1226,1247,1236.5,-1.5,-1.0,6.0,21.0,True,False,wide,19,5236.5,-1.0
195600,Mark 01,Mark 22,VEV_5300,XIRECS,41.0,3,1,41,43,42.0,-1.0,1.0,4.0,2.0,False,True,tight_le2,19,5235.5,1.0
195600,Mark 01,Mark 22,VEV_5400,XIRECS,14.0,3,1,14,15,14.5,0.0,1.0,2.0,1.0,False,True,tight_le2,19,5235.5,1.0
195600,Mark 01,Mark 22,VEV_5500,XIRECS,6.0,3,1,6,7,6.5,0.0,0.0,1.0,1.0,False,True,tight_le2,19,5235.5,1.0
195600,Mark 01,Mark 22,VEV_6000,XIRECS,0.0,3,1,0,1,0.5,0.0,0.0,0.0,1.0,False,True,tight_le2,19,5235.5,1.0
195600,Mark 01,Mark 22,VEV_6500,XIRECS,0.0,3,1,0,1,0.5,0.0,0.0,0.0,1.0,False,True,tight_le2,19,5235.5,1.0
196700,Mark 14,Mark 38,VEV_4000,XIRECS,1225.0,1,1,1225,1246,1235.5,0.5,6.0,9.0,21.0,False,True,wide,19,5235.5,6.0
202300,Mark 38,Mark 14,VEV_4000,XIRECS,1252.0,3,1,1231,1252,1241.5,1.0,0.0,14.0,21.0,True,False,wide,20,5240.0,1.5
206200,Mark 14,Mark 22,VEV_5400,XIRECS,16.0,3,1,16,17,16.5,0.0,0.5,0.5,1.0,False,True,tight_le2,20,5244.5,3.5
206200,Mark 01,Mark 22,VEV_6000,XIRECS,0.0,3,1,0,1,0.5,0.0,0.0,0.0,1.0,False,True,tight_le2,20,5244.5,3.5
206200,Mark 01,Mark 22,VEV_6500,XIRECS,0.0,3,1,0,1,0.5,0.0,0.0,0.0,1.0,False,True,tight_le2,20,5244.5,3.5
206600,Mark 38,Mark 14,VEV_4000,XIRECS,1255.0,1,1,1234,1255,1244.5,1.5,2.0,6.0,21.0,True,False,wide,20,5244.0,2.0
216000,Mark 38,Mark 14,VEV_4000,XIRECS,1263.0,1,1,1242,1263,1252.5,-2.0,1.0,0.0,21.0,True,False,wide,21,5252.0,1.5
217800,Mark 38,Mark 14,VEV_4000,XIRECS,1263.0,1,1,1242,1263,1252.5,0.0,-3.0,1.0,21.0,True,False,wide,21,5252.0,-2.0
222900,Mark 14,Mark 38,VEV_4000,XIRECS,1236.0,3,1,1236,1257,1246.5,-1.0,4.0,-3.0,21.0,False,True,wide,22,5246.5,4.0
223300,Mark 38,Mark 14,VEV_4000,XIRECS,1257.0,2,1,1236,1257,1246.5,2.0,3.0,-4.0,21.0,True,False,wide,22,5246.5,3.0
224100,Mark 38,Mark 14,VEV_4000,XIRECS,1258.0,2,1,1237,1258,1247.5,1.0,6.5,-4.0,21.0,True,False,wide,22,5247.5,6.5
229100,Mark 38,Mark 14,VEV_4000,XIRECS,1258.0,1,1,1237,1258,1247.5,-1.0,-4.0,6.0,21.0,True,False,wide,22,5247.0,-3.5
235300,Mark 01,Mark 22,VEV_5400,XIRECS,16.0,3,1,16,17,16.5,0.0,0.5,1.0,1.0,False,True,tight_le2,23,5245.5,5.0
235300,Mark 01,Mark 22,VEV_5500,XIRECS,7.0,3,1,7,8,7.5,0.0,0.0,0.0,1.0,False,True,tight_le2,23,5245.5,5.0
235300,Mark 01,Mark 22,VEV_6000,XIRECS,0.0,3,1,0,1,0.5,0.0,0.0,0.0,1.0,False,True,tight_le2,23,5245.5,5.0
235300,Mark 01,Mark 22,VEV_6500,XIRECS,0.0,3,1,0,1,0.5,0.0,0.0,0.0,1.0,False,True,tight_le2,23,5245.5,5.0
250600,Mark 14,Mark 38,VEV_4000,XIRECS,1252.0,2,1,1252,1273,1262.5,1.0,4.5,-5.0,21.0,False,True,wide,1,5262.5,5.0
251600,Mark 38,Mark 14,VEV_4000,XIRECS,1275.0,3,1,1254,1275,1264.5,-1.0,0.0,-8.0,21.0,True,False,wide,1,5264.5,0.0
252500,Mark 01,Mark 22,VEV_5300,XIRECS,53.0,2,1,53,55,54.0,0.0,0.0,-4.0,2.0,False,True,tight_le2,1,5264.5,0.0
252500,Mark 01,Mark 22,VEV_5400,XIRECS,19.0,2,1,19,21,20.0,0.0,0.0,-2.0,2.0,False,True,tight_le2,1,5264.5,0.0
252500,Mark 01,Mark 22,VEV_5500,XIRECS,8.0,2,1,8,10,9.0,0.0,0.0,-1.0,2.0,False,True,tight_le2,1,5264.5,0.0
252500,Mark 01,Mark 22,VEV_6000,XIRECS,0.0,2,1,0,1,0.5,0.0,0.0,0.0,1.0,False,True,tight_le2,1,5264.5,0.0
252500,Mark 01,Mark 22,VEV_6500,XIRECS,0.0,2,1,0,1,0.5,0.0,0.0,0.0,1.0,False,True,tight_le2,1,5264.5,0.0
263100,Mark 38,Mark 14,VEV_4000,XIRECS,1268.0,3,1,1247,1268,1257.5,-4.0,-5.0,3.0,21.0,True,False,wide,2,5257.5,-5.0
265900,Mark 14,Mark 38,VEV_4000,XIRECS,1240.0,1,1,1240,1261,1250.5,0.0,-4.0,7.0,21.0,False,True,wide,2,5250.5,-3.0
268300,Mark 38,Mark 14,VEV_4000,XIRECS,1257.0,2,1,1236,1257,1246.5,0.0,7.0,9.0,21.0,True,False,wide,2,5246.5,7.5
271600,Mark 14,Mark 38,VEV_4000,XIRECS,1248.0,1,1,1248,1269,1258.5,1.0,2.5,-1.0,21.0,False,True,wide,3,5259.0,2.0
281500,Mark 38,Mark 14,VEV_4000,XIRECS,1267.0,1,1,1246,1267,1256.5,1.0,0.0,17.5,21.0,True,False,wide,4,5256.5,0.0
286600,Mark 38,Mark 14,VEV_4000,XIRECS,1277.0,2,1,1256,1277,1266.5,1.0,0.0,8.0,21.0,True,False,wide,4,5266.5,0.0
288800,Mark 38,Mark 14,VEV_4000,XIRECS,1278.0,1,1,1257,1278,1267.5,-0.5,6.0,0.0,21.0,True,False,wide,4,5267.5,6.0
297500,Mark 14,Mark 38,VEV_4000,XIRECS,1262.0,1,1,1262,1284,1273.0,-2.5,-2.5,-0.5,22.0,False,True,wide,5,5272.5,-2.0
304000,Mark 01,Mark 22,VEV_5400,XIRECS,19.0,3,1,19,21,20.0,0.0,-0.5,-2.0,2.0,False,True,tight_le2,6,5266.0,-1.5
304000,Mark 01,Mark 22,VEV_5500,XIRECS,8.0,3,1,8,9,8.5,0.0,0.0,-1.0,1.0,False,True,tight_le2,6,5266.0,-1.5
304000,Mark 01,Mark 22,VEV_6000,XIRECS,0.0,3,1,0,1,0.5,0.0,0.0,0.0,1.0,False,True,tight_le2,6,5266.0,-1.5
304000,Mark 01,Mark 22,VEV_6500,XIRECS,0.0,3,1,0,1,0.5,0.0,0.0,0.0,1.0,False,True,tight_le2,6,5266.0,-1.5
307100,Mark 38,Mark 14,VEV_4000,XIRECS,1279.0,1,1,1258,1279,1268.5,2.5,-1.5,-22.0,21.0,True,False,wide,6,5268.5,-1.0
310100,Mark 14,Mark 22,VEV_5400,XIRECS,20.0,5,1,20,21,20.5,-0.5,-1.0,-5.0,1.0,False,True,tight_le2,7,5268.5,-4.0
310100,Mark 01,Mark 22,VEV_5500,XIRECS,8.0,5,1,8,10,9.0,-0.5,-0.5,-2.5,2.0,False,True,tight_le2,7,5268.5,-4.0
310100,Mark 01,Mark 22,VEV_6000,XIRECS,0.0,5,1,0,1,0.5,0.0,0.0,0.0,1.0,False,True,tight_le2,7,5268.5,-4.0
310100,Mark 01,Mark 22,VEV_6500,XIRECS,0.0,5,1,0,1,0.5,0.0,0.0,0.0,1.0,False,True,tight_le2,7,5268.5,-4.0
322000,Mark 01,Mark 22,VEV_5400,XIRECS,16.0,2,1,16,18,17.0,0.0,0.0,-2.0,2.0,False,True,tight_le2,8,5252.5,2.0
322000,Mark 01,Mark 22,VEV_5500,XIRECS,7.0,2,1,7,8,7.5,0.0,0.0,-1.0,1.0,False,True,tight_le2,8,5252.5,2.0
322000,Mark 01,Mark 22,VEV_6000,XIRECS,0.0,2,1,0,1,0.5,0.0,0.0,0.0,1.0,False,True,tight_le2,8,5252.5,2.0
322000,Mark 01,Mark 22,VEV_6500,XIRECS,0.0,2,1,0,1,0.5,0.0,0.0,0.0,1.0,False,True,tight_le2,8,5252.5,2.0
322600,Mark 14,Mark 22,VEV_5200,XIRECS,98.0,4,1,98,100,99.0,0.5,-2.5,-7.5,2.0,False,True,tight_le2,8,5253.5,-4.0
322600,Mark 01,Mark 22,VEV_5500,XIRECS,7.0,4,1,7,8,7.5,0.0,-0.5,-1.0,1.0,False,True,tight_le2,8,5253.5,-4.0
322600,Mark 01,Mark 22,VEV_6000,XIRECS,0.0,4,1,0,1,0.5,0.0,0.0,0.0,1.0,False,True,tight_le2,8,5253.5,-4.0
322600,Mark 01,Mark 22,VEV_6500,XIRECS,0.0,4,1,0,1,0.5,0.0,0.0,0.0,1.0,False,True,tight_le2,8,5253.5,-4.0
323300,Mark 38,Mark 14,VEV_4000,XIRECS,1262.0,3,1,1241,1262,1251.5,1.0,-4.0,-11.0,21.0,True,False,wide,8,5251.5,-4.0
325300,Mark 14,Mark 38,VEV_4000,XIRECS,1237.0,2,1,1237,1258,1247.5,3.0,5.0,0.0,21.0,False,True,wide,8,5247.5,5.0
326300,Mark 38,Mark 14,VEV_4000,XIRECS,1261.0,1,1,1240,1261,1250.5,2.0,1.0,1.0,21.0,True,False,wide,8,5250.5,0.5
328000,Mark 14,Mark 38,VEV_4000,XIRECS,1243.0,1,1,1243,1264,1253.5,-2.0,-7.0,-1.0,21.0,False,True,wide,8,5253.0,-6.5
328400,Mark 14,Mark 38,VEV_4000,XIRECS,1240.0,1,1,1240,1261,1250.5,-2.0,-6.0,-1.0,21.0,False,True,wide,8,5250.5,-6.0
331400,Mark 14,Mark 38,VEV_4000,XIRECS,1232.0,1,1,1232,1253,1242.5,-1.0,-1.0,7.0,21.0,False,True,wide,9,5242.5,-1.0
334900,Mark 14,Mark 38,VEV_4000,XIRECS,1237.0,1,1,1237,1258,1247.5,1.0,5.0,-2.0,21.0,False,True,wide,9,5246.0,6.5
340100,Mark 38,Mark 14,VEV_4000,XIRECS,1260.0,2,1,1239,1260,1249.5,1.0,2.0,-1.0,21.0,True,False,wide,10,5250.0,1.5
350300,Mark 01,Mark 22,VEV_5400,XIRECS,15.0,4,1,15,17,16.0,-0.5,-0.5,0.5,2.0,False,True,tight_le2,11,5246.5,-1.5
350300,Mark 01,Mark 22,VEV_5500,XIRECS,6.0,4,1,6,7,6.5,0.0,0.0,0.5,1.0,False,True,tight_le2,11,5246.5,-1.5
350300,Mark 01,Mark 22,VEV_6000,XIRECS,0.0,4,1,0,1,0.5,0.0,0.0,0.0,1.0,False,True,tight_le2,11,5246.5,-1.5
350300,Mark 01,Mark 22,VEV_6500,XIRECS,0.0,4,1,0,1,0.5,0.0,0.0,0.0,1.0,False,True,tight_le2,11,5246.5,-1.5
350900,Mark 38,Mark 14,VEV_4000,XIRECS,1256.0,3,1,1235,1256,1245.5,-2.0,-1.0,3.0,21.0,True,False,wide,11,5245.5,-1.0
356800,Mark 14,Mark 38,VEV_4000,XIRECS,1234.0,2,1,1234,1255,1244.5,-1.0,4.0,6.0,21.0,False,True,wide,11,5245.5,1.0
358300,Mark 14,Mark 38,VEV_4000,XIRECS,1237.0,3,1,1237,1258,1247.5,1.0,1.0,2.0,21.0,False,True,wide,11,5247.5,1.0
365000,Mark 14,Mark 38,VEV_4000,XIRECS,1242.0,2,1,1242,1263,1252.5,1.0,-2.0,-1.0,21.0,False,True,wide,12,5252.5,-2.0
374800,Mark 14,Mark 38,VEV_4000,XIRECS,1242.0,3,1,1242,1263,1252.5,-1.0,-6.0,-3.0,21.0,False,True,wide,13,5252.5,-7.5
376300,Mark 14,Mark 38,VEV_4000,XIRECS,1236.0,2,1,1236,1257,1246.5,0.0,3.0,-2.0,21.0,False,True,wide,13,5246.5,3.0
376600,Mark 01,Mark 22,VEV_5300,XIRECS,46.0,5,1,46,48,47.0,1.0,0.5,-0.5,2.0,False,True,tight_le2,13,5246.5,2.0
376600,Mark 01,Mark 22,VEV_5400,XIRECS,15.0,5,1,15,16,15.5,1.0,0.5,0.0,1.0,False,True,tight_le2,13,5246.5,2.0
376600,Mark 01,Mark 22,VEV_5500,XIRECS,6.0,5,1,6,7,6.5,0.5,0.0,0.0,1.0,False,True,tight_le2,13,5246.5,2.0
376600,Mark 01,Mark 22,VEV_6000,XIRECS,0.0,5,1,0,1,0.5,0.0,0.0,0.0,1.0,False,True,tight_le2,13,5246.5,2.0
376600,Mark 01,Mark 22,VEV_6500,XIRECS,0.0,5,1,0,1,0.5,0.0,0.0,0.0,1.0,False,True,tight_le2,13,5246.5,2.0
377900,Mark 14,Mark 22,VEV_5300,XIRECS,47.0,2,1,47,49,48.0,0.0,1.0,-1.5,2.0,False,True,tight_le2,13,5248.5,3.0
377900,Mark 01,Mark 22,VEV_5500,XIRECS,6.0,2,1,6,7,6.5,0.5,1.0,0.0,1.0,False,True,tight_le2,13,5248.5,3.0
377900,Mark 01,Mark 22,VEV_6000,XIRECS,0.0,2,1,0,1,0.5,0.0,0.0,0.0,1.0,False,True,tight_le2,13,5248.5,3.0
377900,Mark 01,Mark 22,VEV_6500,XIRECS,0.0,2,1,0,1,0.5,0.0,0.0,0.0,1.0,False,True,tight_le2,13,5248.5,3.0
384200,Mark 14,Mark 38,VEV_4000,XIRECS,1239.0,1,1,1239,1260,1249.5,-2.0,-5.0,-4.0,21.0,False,True,wide,14,5249.5,-3.5
384500,Mark 14,Mark 38,VEV_4000,XIRECS,1238.0,3,1,1238,1259,1248.5,0.0,-3.0,-8.5,21.0,False,True,wide,14,5248.5,-3.0
386800,Mark 38,Mark 14,VEV_4000,XIRECS,1257.0,2,1,1236,1257,1246.5,0.0,-1.0,-5.0,21.0,True,False,wide,14,5246.5,-1.0
390800,Mark 14,Mark 38,VEV_4000,XIRECS,1233.0,3,1,1233,1254,1243.5,1.0,0.0,2.0,21.0,False,True,wide,15,5243.5,0.0
399700,Mark 01,Mark 22,VEV_5400,XIRECS,14.0,5,1,14,15,14.5,0.0,1.0,-1.0,1.0,False,True,tight_le2,15,5240.5,5.0
399700,Mark 01,Mark 22,VEV_5500,XIRECS,6.0,5,1,6,7,6.5,0.0,0.0,-1.0,1.0,False,True,tight_le2,15,5240.5,5.0
399700,Mark 01,Mark 22,VEV_6000,XIRECS,0.0,5,1,0,1,0.5,0.0,0.0,0.0,1.0,False,True,tight_le2,15,5240.5,5.0
399700,Mark 01,Mark 22,VEV_6500,XIRECS,0.0,5,1,0,1,0.5,0.0,0.0,0.0,1.0,False,True,tight_le2,15,5240.5,5.0
399900,Mark 14,Mark 38,VEV_4000,XIRECS,1231.0,1,1,1231,1252,1241.5,2.0,3.0,-7.0,21.0,False,True,wide,15,5241.5,3.0
410400,Mark 01,Mark 22,VEV_5400,XIRECS,13.0,3,1,13,14,13.5,0.0,0.0,-1.0,1.0,False,True,tight_le2,17,5235.5,0.0
410400,Mark 01,Mark 22,VEV_5500,XIRECS,5.0,3,1,5,6,5.5,0.0,0.0,-0.5,1.0,False,True,tight_le2,17,5235.5,0.0
410400,Mark 01,Mark 22,VEV_6000,XIRECS,0.0,3,1,0,1,0.5,0.0,0.0,0.0,1.0,False,True,tight_le2,17,5235.5,0.0
410400,Mark 01,Mark 22,VEV_6500,XIRECS,0.0,3,1,0,1,0.5,0.0,0.0,0.0,1.0,False,True,tight_le2,17,5235.5,0.0
419700,Mark 38,Mark 14,VEV_4000,XIRECS,1241.0,1,1,1220,1241,1230.5,-3.0,-2.0,0.0,21.0,True,False,wide,17,5230.5,-2.0
425400,Mark 38,Mark 14,VEV_4000,XIRECS,1246.0,1,1,1226,1246,1236.0,-2.0,-1.0,-2.0,20.0,True,False,wide,18,5236.0,-1.0
428000,Mark 01,Mark 22,VEV_5400,XIRECS,13.0,2,1,13,14,13.5,0.0,0.0,0.0,1.0,False,True,tight_le2,18,5232.5,-2.0
428000,Mark 01,Mark 22,VEV_5500,XIRECS,5.0,2,1,5,6,5.5,-0.5,0.0,0.0,1.0,False,True,tight_le2,18,5232.5,-2.0
428000,Mark 01,Mark 22,VEV_6000,XIRECS,0.0,2,1,0,1,0.5,0.0,0.0,0.0,1.0,False,True,tight_le2,18,5232.5,-2.0
428000,Mark 01,Mark 22,VEV_6500,XIRECS,0.0,2,1,0,1,0.5,0.0,0.0,0.0,1.0,False,True,tight_le2,18,5232.5,-2.0
437100,Mark 38,Mark 22,VEV_4000,XIRECS,1233.0,1,1,1223,1233,1228.0,4.0,10.5,24.5,10.0,True,False,m6_10,19,5233.5,5.0
437100,Mark 38,Mark 22,VEV_4500,XIRECS,733.0,1,1,726,733,729.5,2.5,9.0,22.5,7.0,True,False,m6_10,19,5233.5,5.0
437100,Mark 38,Mark 22,VEV_5000,XIRECS,238.0,1,1,236,238,237.0,0.5,7.0,20.0,2.0,True,False,tight_le2,19,5233.5,5.0
437100,Mark 38,Mark 22,VEV_5100,XIRECS,152.0,1,1,150,152,151.0,0.0,5.5,17.0,2.0,True,False,tight_le2,19,5233.5,5.0
437100,Mark 38,Mark 22,VEV_5200,XIRECS,87.0,1,1,86,87,86.5,0.0,3.5,12.0,1.0,True,False,tight_le2,19,5233.5,5.0
437100,Mark 38,Mark 22,VEV_5300,XIRECS,41.0,1,1,40,41,40.5,0.5,2.5,8.0,1.0,True,False,tight_le2,19,5233.5,5.0
437100,Mark 01,Mark 22,VEV_5400,XIRECS,13.0,4,1,13,14,13.5,0.0,1.0,3.0,1.0,False,True,tight_le2,19,5233.5,5.0
437100,Mark 01,Mark 22,VEV_5500,XIRECS,5.0,4,1,5,6,5.5,0.0,0.0,1.0,1.0,False,True,tight_le2,19,5233.5,5.0
437100,Mark 01,Mark 22,VEV_6000,XIRECS,0.0,4,1,0,1,0.5,0.0,0.0,0.0,1.0,False,True,tight_le2,19,5233.5,5.0
437100,Mark 01,Mark 22,VEV_6500,XIRECS,0.0,4,1,0,1,0.5,0.0,0.0,0.0,1.0,False,True,tight_le2,19,5233.5,5.0
444000,Mark 14,Mark 38,VEV_4000,XIRECS,1230.0,3,1,1230,1251,1240.5,1.0,7.0,10.0,21.0,False,True,wide,20,5240.5,7.0
448700,Mark 14,Mark 38,VEV_4000,XIRECS,1238.0,3,1,1238,1259,1248.5,-3.0,0.0,-3.0,21.0,False,True,wide,20,5248.5,0.0
455400,Mark 38,Mark 14,VEV_4000,XIRECS,1257.0,1,1,1236,1257,1246.5,0.0,-4.0,7.0,21.0,True,False,wide,21,5246.5,-4.0
455700,Mark 01,Mark 22,VEV_5400,XIRECS,15.0,4,1,15,16,15.5,0.0,-1.0,1.5,1.0,False,True,tight_le2,21,5247.5,-5.0
455700,Mark 01,Mark 22,VEV_5500,XIRECS,6.0,4,1,6,7,6.5,0.0,-0.5,0.5,1.0,False,True,tight_le2,21,5247.5,-5.0
455700,Mark 01,Mark 22,VEV_6000,XIRECS,0.0,4,1,0,1,0.5,0.0,0.0,0.0,1.0,False,True,tight_le2,21,5247.5,-5.0
455700,Mark 01,Mark 22,VEV_6500,XIRECS,0.0,4,1,0,1,0.5,0.0,0.0,0.0,1.0,False,True,tight_le2,21,5247.5,-5.0
459900,Mark 14,Mark 38,VEV_4000,XIRECS,1239.0,2,1,1239,1260,1249.5,-4.5,6.0,2.0,21.0,False,True,wide,21,5249.5,6.0
460400,Mark 01,Mark 22,VEV_5300,XIRECS,47.0,3,1,47,49,48.0,1.0,2.0,1.5,2.0,False,True,tight_le2,22,5250.5,6.0
460400,Mark 14,Mark 22,VEV_5400,XIRECS,16.0,3,1,16,17,16.5,0.0,1.0,0.5,1.0,False,True,tight_le2,22,5250.5,6.0
460400,Mark 01,Mark 22,VEV_5500,XIRECS,6.0,3,1,6,7,6.5,0.0,1.0,0.5,1.0,False,True,tight_le2,22,5250.5,6.0
460400,Mark 01,Mark 22,VEV_6000,XIRECS,0.0,3,1,0,1,0.5,0.0,0.0,0.0,1.0,False,True,tight_le2,22,5250.5,6.0
460400,Mark 01,Mark 22,VEV_6500,XIRECS,0.0,3,1,0,1,0.5,0.0,0.0,0.0,1.0,False,True,tight_le2,22,5250.5,6.0
464200,Mark 14,Mark 38,VEV_4000,XIRECS,1241.0,1,1,1241,1262,1251.5,2.0,3.0,4.0,21.0,False,True,wide,22,5251.5,3.0
475500,Mark 14,Mark 38,VEV_4000,XIRECS,1244.0,1,1,1244,1265,1254.5,2.0,4.0,-12.5,21.0,False,True,wide,23,5254.5,4.0
476500,Mark 01,Mark 22,VEV_5400,XIRECS,17.0,2,1,17,18,17.5,0.0,-0.5,-3.0,1.0,False,True,tight_le2,23,5256.5,-3.0
476500,Mark 01,Mark 22,VEV_5500,XIRECS,7.0,2,1,7,8,7.5,-0.5,-1.0,-2.0,1.0,False,True,tight_le2,23,5256.5,-3.0
476500,Mark 01,Mark 22,VEV_6000,XIRECS,0.0,2,1,0,1,0.5,0.0,0.0,0.0,1.0,False,True,tight_le2,23,5256.5,-3.0
476500,Mark 01,Mark 22,VEV_6500,XIRECS,0.0,2,1,0,1,0.5,0.0,0.0,0.0,1.0,False,True,tight_le2,23,5256.5,-3.0
480700,Mark 38,Mark 14,VEV_4000,XIRECS,1259.0,2,1,1238,1259,1248.5,-1.0,-3.0,-7.0,21.0,True,False,wide,0,5249.0,-3.5
480900,Mark 14,Mark 38,VEV_4000,XIRECS,1239.0,2,1,1239,1260,1249.5,-4.0,-7.0,-6.0,21.0,False,True,wide,0,5249.5,-7.0
481300,Mark 38,Mark 14,VEV_4000,XIRECS,1257.0,3,1,1236,1257,1246.5,-3.0,-6.0,-2.0,21.0,True,False,wide,0,5246.5,-6.0
483200,Mark 38,Mark 14,VEV_4000,XIRECS,1252.0,3,1,1231,1252,1241.5,-2.0,0.0,0.0,21.0,True,False,wide,0,5241.5,0.0
489700,Mark 01,Mark 22,VEV_5300,XIRECS,43.0,4,1,43,45,44.0,0.0,2.0,1.0,2.0,False,True,tight_le2,0,5239.5,5.0
489700,Mark 01,Mark 22,VEV_5400,XIRECS,14.0,4,1,14,15,14.5,0.0,1.0,0.5,1.0,False,True,tight_le2,0,5239.5,5.0
489700,Mark 01,Mark 22,VEV_5500,XIRECS,5.0,4,1,5,6,5.5,0.0,0.5,0.0,1.0,False,True,tight_le2,0,5239.5,5.0
489700,Mark 01,Mark 22,VEV_6000,XIRECS,0.0,4,1,0,1,0.5,0.0,0.0,0.0,1.0,False,True,tight_le2,0,5239.5,5.0
489700,Mark 01,Mark 22,VEV_6500,XIRECS,0.0,4,1,0,1,0.5,0.0,0.0,0.0,1.0,False,True,tight_le2,0,5239.5,5.0
491100,Mark 14,Mark 38,VEV_4000,XIRECS,1233.0,3,1,1233,1254,1243.5,1.5,-2.0,2.0,21.0,False,True,wide,1,5243.5,-2.0
494700,Mark 14,Mark 38,VEV_4000,XIRECS,1228.0,2,1,1228,1249,1238.5,-1.0,3.0,16.0,21.0,False,True,wide,1,5238.5,1.5
496300,Mark 14,Mark 38,VEV_4000,XIRECS,1230.0,2,1,1230,1251,1240.5,0.0,1.0,15.0,21.0,False,True,wide,1,5240.5,1.0
502700,Mark 01,Mark 22,VEV_5500,XIRECS,6.0,2,1,6,7,6.5,0.0,0.0,1.5,1.0,False,True,tight_le2,2,5249.5,5.0
502700,Mark 01,Mark 22,VEV_6000,XIRECS,0.0,2,1,0,1,0.5,0.0,0.0,0.0,1.0,False,True,tight_le2,2,5249.5,5.0
502700,Mark 01,Mark 22,VEV_6500,XIRECS,0.0,2,1,0,1,0.5,0.0,0.0,0.0,1.0,False,True,tight_le2,2,5249.5,5.0
503500,Mark 14,Mark 38,VEV_4000,XIRECS,1240.0,3,1,1240,1261,1250.5,-1.0,7.0,13.0,21.0,False,True,wide,2,5250.5,7.0
509100,Mark 14,Mark 38,VEV_4000,XIRECS,1250.0,3,1,1250,1271,1260.5,0.5,6.0,-3.5,21.0,False,True,wide,2,5259.0,7.5
517900,Mark 14,Mark 38,VEV_4000,XIRECS,1249.0,1,1,1249,1270,1259.5,-0.5,0.0,-7.0,21.0,False,True,wide,3,5259.5,0.0
518800,Mark 38,Mark 14,VEV_4000,XIRECS,1271.0,1,1,1250,1271,1260.5,-4.0,1.0,-7.0,21.0,True,False,wide,3,5260.5,1.0
519100,Mark 14,Mark 38,VEV_4000,XIRECS,1246.0,2,1,1246,1268,1257.0,1.5,1.5,-3.5,22.0,False,True,wide,3,5257.0,2.0
519500,Mark 01,Mark 22,VEV_5300,XIRECS,50.0,4,1,50,52,51.0,0.0,0.0,-2.0,2.0,False,True,tight_le2,3,5258.5,0.0
519500,Mark 01,Mark 22,VEV_5400,XIRECS,17.0,4,1,17,18,17.5,0.0,0.0,-1.0,1.0,False,True,tight_le2,3,5258.5,0.0
519500,Mark 01,Mark 22,VEV_5500,XIRECS,6.0,4,1,6,8,7.0,0.0,0.0,-0.5,2.0,False,True,tight_le2,3,5258.5,0.0
519500,Mark 01,Mark 22,VEV_6000,XIRECS,0.0,4,1,0,1,0.5,0.0,0.0,0.0,1.0,False,True,tight_le2,3,5258.5,0.0
519500,Mark 01,Mark 22,VEV_6500,XIRECS,0.0,4,1,0,1,0.5,0.0,0.0,0.0,1.0,False,True,tight_le2,3,5258.5,0.0
521100,Mark 14,Mark 38,VEV_4000,XIRECS,1248.0,2,1,1248,1269,1258.5,1.0,-0.5,-5.0,21.0,False,True,wide,4,5259.0,-1.0
524000,Mark 01,Mark 22,VEV_5400,XIRECS,17.0,4,1,17,18,17.5,0.0,-1.0,-2.5,1.0,False,True,tight_le2,4,5259.5,-5.0
524000,Mark 14,Mark 22,VEV_5500,XIRECS,7.0,4,1,7,8,7.5,0.0,-1.0,-1.5,1.0,False,True,tight_le2,4,5259.5,-5.0
524000,Mark 01,Mark 22,VEV_6000,XIRECS,0.0,4,1,0,1,0.5,0.0,0.0,0.0,1.0,False,True,tight_le2,4,5259.5,-5.0
524000,Mark 01,Mark 22,VEV_6500,XIRECS,0.0,4,1,0,1,0.5,0.0,0.0,0.0,1.0,False,True,tight_le2,4,5259.5,-5.0
525500,Mark 14,Mark 38,VEV_4000,XIRECS,1247.0,1,1,1247,1268,1257.5,-3.0,-8.0,-14.0,21.0,False,True,wide,4,5256.0,-6.0
544500,Mark 38,Mark 14,VEV_4000,XIRECS,1246.0,2,1,1226,1246,1236.0,1.5,-1.5,-6.5,20.0,True,False,wide,6,5236.0,-1.5
547600,Mark 01,Mark 22,VEV_5400,XIRECS,12.0,4,1,12,13,12.5,0.0,0.0,-1.0,1.0,False,True,tight_le2,6,5231.5,2.5
547600,Mark 01,Mark 22,VEV_6000,XIRECS,0.0,4,1,0,1,0.5,0.0,0.0,0.0,1.0,False,True,tight_le2,6,5231.5,2.5
547600,Mark 01,Mark 22,VEV_6500,XIRECS,0.0,4,1,0,1,0.5,0.0,0.0,0.0,1.0,False,True,tight_le2,6,5231.5,2.5
548400,Mark 01,Mark 22,VEV_5400,XIRECS,12.0,5,1,12,13,12.5,-0.5,0.0,-1.0,1.0,False,True,tight_le2,6,5232.5,-2.0
548400,Mark 01,Mark 22,VEV_6000,XIRECS,0.0,5,1,0,1,0.5,0.0,0.0,0.0,1.0,False,True,tight_le2,6,5232.5,-2.0
548400,Mark 01,Mark 22,VEV_6500,XIRECS,0.0,5,1,0,1,0.5,0.0,0.0,0.0,1.0,False,True,tight_le2,6,5232.5,-2.0
550300,Mark 38,Mark 14,VEV_4000,XIRECS,1242.0,1,1,1222,1242,1232.0,0.0,0.0,0.5,20.0,True,False,wide,7,5232.0,-1.5
550900,Mark 14,Mark 38,VEV_4000,XIRECS,1221.0,2,1,1221,1242,1231.5,2.0,0.0,-1.0,21.0,False,True,wide,7,5231.5,0.0
552600,Mark 38,Mark 14,VEV_4000,XIRECS,1244.0,3,1,1223,1244,1233.5,-9.5,-4.0,-4.0,21.0,True,False,wide,7,5233.5,-4.0
553100,Mark 01,Mark 22,VEV_5300,XIRECS,39.0,4,1,39,41,40.0,-1.0,1.0,0.0,2.0,False,True,tight_le2,7,5229.5,2.0
553100,Mark 01,Mark 22,VEV_5500,XIRECS,4.0,4,1,4,5,4.5,0.0,0.0,0.0,1.0,False,True,tight_le2,7,5229.5,2.0
553100,Mark 01,Mark 22,VEV_6000,XIRECS,0.0,4,1,0,1,0.5,0.0,0.0,0.0,1.0,False,True,tight_le2,7,5229.5,2.0
553100,Mark 01,Mark 22,VEV_6500,XIRECS,0.0,4,1,0,1,0.5,0.0,0.0,0.0,1.0,False,True,tight_le2,7,5229.5,2.0
556900,Mark 14,Mark 38,VEV_4000,XIRECS,1219.0,3,1,1219,1239,1229.0,-0.5,-2.5,7.5,20.0,False,True,wide,7,5229.0,-2.5
564300,Mark 14,Mark 22,VEV_5200,XIRECS,84.0,2,1,84,86,85.0,0.5,2.5,2.0,2.0,False,True,tight_le2,8,5232.0,4.5
564300,Mark 01,Mark 22,VEV_5300,XIRECS,40.0,2,1,40,42,41.0,0.0,1.0,1.0,2.0,False,True,tight_le2,8,5232.0,4.5
564300,Mark 01,Mark 22,VEV_5400,XIRECS,12.0,2,1,12,13,12.5,0.0,1.0,0.5,1.0,False,True,tight_le2,8,5232.0,4.5
564300,Mark 01,Mark 22,VEV_5500,XIRECS,4.0,2,1,4,5,4.5,0.0,1.0,1.0,1.0,False,True,tight_le2,8,5232.0,4.5
564300,Mark 01,Mark 22,VEV_6000,XIRECS,0.0,2,1,0,1,0.5,0.0,0.0,0.0,1.0,False,True,tight_le2,8,5232.0,4.5
564300,Mark 01,Mark 22,VEV_6500,XIRECS,0.0,2,1,0,1,0.5,0.0,0.0,0.0,1.0,False,True,tight_le2,8,5232.0,4.5
567200,Mark 01,Mark 22,VEV_5400,XIRECS,13.0,2,1,13,14,13.5,0.0,0.0,-0.5,1.0,False,True,tight_le2,8,5234.0,4.5
567200,Mark 01,Mark 22,VEV_5500,XIRECS,5.0,2,1,5,6,5.5,0.0,0.0,0.0,1.0,False,True,tight_le2,8,5234.0,4.5
567200,Mark 01,Mark 22,VEV_6000,XIRECS,0.0,2,1,0,1,0.5,0.0,0.0,0.0,1.0,False,True,tight_le2,8,5234.0,4.5
567200,Mark 01,Mark 22,VEV_6500,XIRECS,0.0,2,1,0,1,0.5,0.0,0.0,0.0,1.0,False,True,tight_le2,8,5234.0,4.5
567700,Mark 38,Mark 14,VEV_4000,XIRECS,1246.0,1,1,1225,1246,1235.5,-1.0,0.5,1.0,21.0,True,False,wide,8,5235.5,0.5
568800,Mark 38,Mark 14,VEV_4000,XIRECS,1250.0,2,1,1229,1250,1239.5,-1.0,-2.0,-3.0,21.0,True,False,wide,8,5240.5,-2.0
568900,Mark 01,Mark 22,VEV_5300,XIRECS,43.0,4,1,43,45,44.0,-1.0,-1.0,-2.0,2.0,False,True,tight_le2,8,5240.5,-2.0
568900,Mark 01,Mark 22,VEV_5400,XIRECS,13.0,4,1,13,14,13.5,0.0,0.0,-0.5,1.0,False,True,tight_le2,8,5240.5,-2.0
568900,Mark 01,Mark 22,VEV_5500,XIRECS,5.0,4,1,5,6,5.5,0.0,0.0,0.0,1.0,False,True,tight_le2,8,5240.5,-2.0
568900,Mark 01,Mark 22,VEV_6000,XIRECS,0.0,4,1,0,1,0.5,0.0,0.0,0.0,1.0,False,True,tight_le2,8,5240.5,-2.0
568900,Mark 01,Mark 22,VEV_6500,XIRECS,0.0,4,1,0,1,0.5,0.0,0.0,0.0,1.0,False,True,tight_le2,8,5240.5,-2.0
569900,Mark 14,Mark 38,VEV_4000,XIRECS,1227.0,1,1,1227,1248,1237.5,-3.0,1.0,-3.0,21.0,False,True,wide,8,5237.5,-0.5
574800,Mark 01,Mark 22,VEV_5400,XIRECS,12.0,2,1,12,13,12.5,0.0,0.0,0.5,1.0,False,True,tight_le2,9,5233.0,1.0
574800,Mark 01,Mark 22,VEV_5500,XIRECS,4.0,2,1,4,6,5.0,-0.5,0.0,0.5,2.0,False,True,tight_le2,9,5233.0,1.0
574800,Mark 01,Mark 22,VEV_6000,XIRECS,0.0,2,1,0,1,0.5,0.0,0.0,0.0,1.0,False,True,tight_le2,9,5233.0,1.0
574800,Mark 01,Mark 22,VEV_6500,XIRECS,0.0,2,1,0,1,0.5,0.0,0.0,0.0,1.0,False,True,tight_le2,9,5233.0,1.0
575800,Mark 01,Mark 22,VEV_5500,XIRECS,5.0,5,1,5,6,5.5,0.0,0.0,0.0,1.0,False,True,tight_le2,9,5234.0,3.5
575800,Mark 01,Mark 22,VEV_6000,XIRECS,0.0,5,1,0,1,0.5,0.0,0.0,0.0,1.0,False,True,tight_le2,9,5234.0,3.5
575800,Mark 01,Mark 22,VEV_6500,XIRECS,0.0,5,1,0,1,0.5,0.0,0.0,0.0,1.0,False,True,tight_le2,9,5234.0,3.5
576700,Mark 38,Mark 14,VEV_4000,XIRECS,1245.0,2,1,1224,1245,1234.5,1.5,2.0,9.0,21.0,True,False,wide,9,5234.5,2.0
588200,Mark 01,Mark 22,VEV_5300,XIRECS,45.0,4,1,45,47,46.0,0.0,-2.0,-3.0,2.0,False,True,tight_le2,10,5245.5,-4.0
588200,Mark 01,Mark 22,VEV_5400,XIRECS,14.0,4,1,14,15,14.5,0.0,-1.0,-1.0,1.0,False,True,tight_le2,10,5245.5,-4.0
588200,Mark 01,Mark 22,VEV_5500,XIRECS,5.0,4,1,5,6,5.5,0.0,0.0,0.0,1.0,False,True,tight_le2,10,5245.5,-4.0
588200,Mark 01,Mark 22,VEV_6000,XIRECS,0.0,4,1,0,1,0.5,0.0,0.0,0.0,1.0,False,True,tight_le2,10,5245.5,-4.0
588200,Mark 01,Mark 22,VEV_6500,XIRECS,0.0,4,1,0,1,0.5,0.0,0.0,0.0,1.0,False,True,tight_le2,10,5245.5,-4.0
589100,Mark 14,Mark 38,VEV_4000,XIRECS,1234.0,3,1,1234,1255,1244.5,-1.0,-3.0,-4.0,21.0,False,True,wide,10,5245.0,-3.5
599600,Mark 14,Mark 38,VEV_4000,XIRECS,1226.0,1,1,1226,1247,1236.5,-3.5,-3.0,-12.0,21.0,False,True,wide,11,5236.5,-3.0
600100,Mark 14,Mark 38,VEV_4000,XIRECS,1223.0,2,1,1223,1243,1233.0,-1.0,-4.5,-9.5,20.0,False,True,wide,12,5233.0,-4.5
601200,Mark 14,Mark 38,VEV_4000,XIRECS,1223.0,1,1,1223,1244,1233.5,-2.0,-2.0,-9.0,21.0,False,True,wide,12,5233.5,-2.0
604600,Mark 01,Mark 22,VEV_5300,XIRECS,39.0,5,1,39,41,40.0,0.0,-2.0,1.0,2.0,False,True,tight_le2,12,5229.0,-4.5
604600,Mark 01,Mark 22,VEV_5400,XIRECS,11.0,5,1,11,13,12.0,-0.5,-0.5,0.5,2.0,False,True,tight_le2,12,5229.0,-4.5
604600,Mark 01,Mark 22,VEV_5500,XIRECS,4.0,5,1,4,5,4.5,0.0,0.0,0.0,1.0,False,True,tight_le2,12,5229.0,-4.5
604600,Mark 01,Mark 22,VEV_6000,XIRECS,0.0,5,1,0,1,0.5,0.0,0.0,0.0,1.0,False,True,tight_le2,12,5229.0,-4.5
604600,Mark 01,Mark 22,VEV_6500,XIRECS,0.0,5,1,0,1,0.5,0.0,0.0,0.0,1.0,False,True,tight_le2,12,5229.0,-4.5
608100,Mark 38,Mark 14,VEV_4000,XIRECS,1230.0,2,1,1209,1230,1219.5,-1.5,4.0,15.5,21.0,True,False,wide,12,5219.5,4.0
617900,Mark 01,Mark 22,VEV_5300,XIRECS,40.0,2,1,40,42,41.0,-1.0,0.0,-2.0,2.0,False,True,tight_le2,13,5234.0,0.0
617900,Mark 01,Mark 22,VEV_5400,XIRECS,12.0,2,1,12,13,12.5,0.0,0.0,-0.5,1.0,False,True,tight_le2,13,5234.0,0.0
617900,Mark 01,Mark 22,VEV_5500,XIRECS,4.0,2,1,4,6,5.0,-0.5,0.0,-0.5,2.0,False,True,tight_le2,13,5234.0,0.0
617900,Mark 01,Mark 22,VEV_6000,XIRECS,0.0,2,1,0,1,0.5,0.0,0.0,0.0,1.0,False,True,tight_le2,13,5234.0,0.0
617900,Mark 01,Mark 22,VEV_6500,XIRECS,0.0,2,1,0,1,0.5,0.0,0.0,0.0,1.0,False,True,tight_le2,13,5234.0,0.0
618300,Mark 01,Mark 22,VEV_5300,XIRECS,40.0,2,1,40,42,41.0,-1.0,-1.0,-2.0,2.0,False,True,tight_le2,13,5233.0,-1.5
618300,Mark 01,Mark 22,VEV_5400,XIRECS,12.0,2,1,12,13,12.5,0.0,0.0,-1.0,1.0,False,True,tight_le2,13,5233.0,-1.5
618300,Mark 01,Mark 22,VEV_5500,XIRECS,4.0,2,1,4,5,4.5,0.0,0.0,0.0,1.0,False,True,tight_le2,13,5233.0,-1.5
618300,Mark 01,Mark 22,VEV_6000,XIRECS,0.0,2,1,0,1,0.5,0.0,0.0,0.0,1.0,False,True,tight_le2,13,5233.0,-1.5
618300,Mark 01,Mark 22,VEV_6500,XIRECS,0.0,2,1,0,1,0.5,0.0,0.0,0.0,1.0,False,True,tight_le2,13,5233.0,-1.5
621700,Mark 38,Mark 14,VEV_4000,XIRECS,1245.0,3,1,1224,1245,1234.5,0.0,4.0,-19.5,21.0,True,False,wide,14,5234.5,4.0
622800,Mark 14,Mark 38,VEV_4000,XIRECS,1227.0,1,1,1227,1248,1237.5,0.0,0.0,-21.0,21.0,False,True,wide,14,5237.5,0.0
624400,Mark 14,Mark 22,VEV_5200,XIRECS,88.0,2,1,88,90,89.0,-0.5,-4.5,-13.0,2.0,False,True,tight_le2,14,5238.5,-7.0
624400,Mark 01,Mark 22,VEV_5300,XIRECS,42.0,2,1,42,44,43.0,-1.0,-3.0,-8.0,2.0,False,True,tight_le2,14,5238.5,-7.0
624400,Mark 01,Mark 22,VEV_5400,XIRECS,13.0,2,1,13,14,13.5,0.0,-1.0,-3.0,1.0,False,True,tight_le2,14,5238.5,-7.0
624400,Mark 01,Mark 22,VEV_5500,XIRECS,5.0,2,1,5,6,5.5,0.0,-1.0,-2.0,1.0,False,True,tight_le2,14,5238.5,-7.0
624400,Mark 01,Mark 22,VEV_6000,XIRECS,0.0,2,1,0,1,0.5,0.0,0.0,0.0,1.0,False,True,tight_le2,14,5238.5,-7.0
624400,Mark 01,Mark 22,VEV_6500,XIRECS,0.0,2,1,0,1,0.5,0.0,0.0,0.0,1.0,False,True,tight_le2,14,5238.5,-7.0
631500,Mark 38,Mark 14,VEV_4000,XIRECS,1230.0,3,1,1210,1230,1220.0,0.5,-3.0,-8.0,20.0,True,False,wide,15,5219.5,-2.5
631700,Mark 01,Mark 22,VEV_5400,XIRECS,10.0,3,1,10,11,10.5,0.0,0.0,-1.0,1.0,False,True,tight_le2,15,5220.5,-3.0
631700,Mark 01,Mark 22,VEV_6000,XIRECS,0.0,3,1,0,1,0.5,0.0,0.0,0.0,1.0,False,True,tight_le2,15,5220.5,-3.0
631700,Mark 01,Mark 22,VEV_6500,XIRECS,0.0,3,1,0,1,0.5,0.0,0.0,0.0,1.0,False,True,tight_le2,15,5220.5,-3.0
636100,Mark 14,Mark 22,VEV_5200,XIRECS,79.0,4,1,79,81,80.0,-2.5,-6.0,-8.5,2.0,False,True,tight_le2,15,5223.5,-11.0
636100,Mark 01,Mark 22,VEV_5300,XIRECS,37.0,4,1,37,39,38.0,-2.0,-4.0,-5.0,2.0,False,True,tight_le2,15,5223.5,-11.0
636100,Mark 01,Mark 22,VEV_5500,XIRECS,4.0,4,1,4,5,4.5,-0.5,-1.0,-1.0,1.0,False,True,tight_le2,15,5223.5,-11.0
636100,Mark 01,Mark 22,VEV_6000,XIRECS,0.0,4,1,0,1,0.5,0.0,0.0,0.0,1.0,False,True,tight_le2,15,5223.5,-11.0
636100,Mark 01,Mark 22,VEV_6500,XIRECS,0.0,4,1,0,1,0.5,0.0,0.0,0.0,1.0,False,True,tight_le2,15,5223.5,-11.0
642100,Mark 14,Mark 22,VEV_5200,XIRECS,74.0,4,1,74,76,75.0,-0.5,-1.5,-7.0,2.0,False,True,tight_le2,16,5214.5,-2.0
642100,Mark 01,Mark 22,VEV_5300,XIRECS,34.0,4,1,34,36,35.0,-0.5,-1.0,-4.5,2.0,False,True,tight_le2,16,5214.5,-2.0
642100,Mark 01,Mark 22,VEV_5400,XIRECS,9.0,4,1,9,10,9.5,0.0,0.0,-1.0,1.0,False,True,tight_le2,16,5214.5,-2.0
642100,Mark 01,Mark 22,VEV_5500,XIRECS,3.0,4,1,3,4,3.5,0.0,0.0,0.0,1.0,False,True,tight_le2,16,5214.5,-2.0
642100,Mark 01,Mark 22,VEV_6000,XIRECS,0.0,4,1,0,1,0.5,0.0,0.0,0.0,1.0,False,True,tight_le2,16,5214.5,-2.0
642100,Mark 01,Mark 22,VEV_6500,XIRECS,0.0,4,1,0,1,0.5,0.0,0.0,0.0,1.0,False,True,tight_le2,16,5214.5,-2.0
645000,Mark 38,Mark 14,VEV_4000,XIRECS,1218.0,3,1,1198,1218,1208.0,1.0,-3.0,-1.0,20.0,True,False,wide,16,5208.5,-4.0
647200,Mark 14,Mark 38,VEV_4000,XIRECS,1196.0,3,1,1196,1216,1206.0,0.0,-6.0,3.0,20.0,False,True,wide,16,5206.0,-6.5
654200,Mark 01,Mark 22,VEV_5400,XIRECS,8.0,2,1,8,9,8.5,0.5,0.0,1.0,1.0,False,True,tight_le2,17,5206.5,-1.0
654200,Mark 01,Mark 22,VEV_5500,XIRECS,3.0,2,1,3,4,3.5,0.0,0.0,0.0,1.0,False,True,tight_le2,17,5206.5,-1.0
654200,Mark 01,Mark 22,VEV_6000,XIRECS,0.0,2,1,0,1,0.5,0.0,0.0,0.0,1.0,False,True,tight_le2,17,5206.5,-1.0
654200,Mark 01,Mark 22,VEV_6500,XIRECS,0.0,2,1,0,1,0.5,0.0,0.0,0.0,1.0,False,True,tight_le2,17,5206.5,-1.0
671200,Mark 14,Mark 38,VEV_4000,XIRECS,1209.0,3,1,1209,1229,1219.0,0.5,3.0,4.0,20.0,False,True,wide,19,5219.5,2.0
674000,Mark 01,Mark 22,VEV_5300,XIRECS,37.0,3,1,37,39,38.0,1.0,1.0,0.5,2.0,False,True,tight_le2,19,5223.5,5.0
674000,Mark 01,Mark 22,VEV_5400,XIRECS,10.0,3,1,10,11,10.5,0.5,1.0,1.0,1.0,False,True,tight_le2,19,5223.5,5.0
674000,Mark 01,Mark 22,VEV_5500,XIRECS,4.0,3,1,4,5,4.5,0.0,0.0,0.0,1.0,False,True,tight_le2,19,5223.5,5.0
674000,Mark 01,Mark 22,VEV_6000,XIRECS,0.0,3,1,0,1,0.5,0.0,0.0,0.0,1.0,False,True,tight_le2,19,5223.5,5.0
674000,Mark 01,Mark 22,VEV_6500,XIRECS,0.0,3,1,0,1,0.5,0.0,0.0,0.0,1.0,False,True,tight_le2,19,5223.5,5.0
675700,Mark 14,Mark 38,VEV_4000,XIRECS,1218.0,1,1,1218,1238,1228.0,2.0,-2.5,3.5,20.0,False,True,wide,19,5228.0,-2.5
680600,Mark 14,Mark 38,VEV_4000,XIRECS,1212.0,3,1,1212,1232,1222.0,-0.5,2.5,16.5,20.0,False,True,wide,20,5222.5,2.0
682600,Mark 14,Mark 38,VEV_4000,XIRECS,1214.0,1,1,1214,1235,1224.5,0.0,4.0,10.0,21.0,False,True,wide,20,5224.5,2.5
684000,Mark 01,Mark 22,VEV_5400,XIRECS,11.0,5,1,11,12,11.5,0.0,0.0,1.0,1.0,False,True,tight_le2,20,5229.0,2.5
684000,Mark 01,Mark 22,VEV_5500,XIRECS,4.0,5,1,4,5,4.5,0.0,0.0,1.0,1.0,False,True,tight_le2,20,5229.0,2.5
684000,Mark 01,Mark 22,VEV_6000,XIRECS,0.0,5,1,0,1,0.5,0.0,0.0,0.0,1.0,False,True,tight_le2,20,5229.0,2.5
684000,Mark 01,Mark 22,VEV_6500,XIRECS,0.0,5,1,0,1,0.5,0.0,0.0,0.0,1.0,False,True,tight_le2,20,5229.0,2.5
688900,Mark 14,Mark 38,VEV_4000,XIRECS,1226.0,2,1,1226,1247,1236.5,-2.0,4.0,-1.5,21.0,False,True,wide,20,5236.5,4.0
696000,Mark 14,Mark 38,VEV_4000,XIRECS,1227.0,3,1,1227,1248,1237.5,1.0,-2.0,19.0,21.0,False,True,wide,21,5239.0,-3.5
701200,Mark 01,Mark 22,VEV_5400,XIRECS,13.0,2,1,13,14,13.5,0.0,1.0,2.5,1.0,False,True,tight_le2,22,5242.5,8.0
701200,Mark 01,Mark 22,VEV_5500,XIRECS,5.0,2,1,5,6,5.5,0.0,1.0,1.0,1.0,False,True,tight_le2,22,5242.5,8.0
701200,Mark 01,Mark 22,VEV_6000,XIRECS,0.0,2,1,0,1,0.5,0.0,0.0,0.0,1.0,False,True,tight_le2,22,5242.5,8.0
701200,Mark 01,Mark 22,VEV_6500,XIRECS,0.0,2,1,0,1,0.5,0.0,0.0,0.0,1.0,False,True,tight_le2,22,5242.5,8.0
703200,Mark 01,Mark 22,VEV_5400,XIRECS,14.0,5,1,14,15,14.5,0.5,1.0,3.5,1.0,False,True,tight_le2,22,5250.5,3.5
703200,Mark 01,Mark 22,VEV_5500,XIRECS,6.0,5,1,6,7,6.5,0.0,0.0,1.0,1.0,False,True,tight_le2,22,5250.5,3.5
703200,Mark 01,Mark 22,VEV_6000,XIRECS,0.0,5,1,0,1,0.5,0.0,0.0,0.0,1.0,False,True,tight_le2,22,5250.5,3.5
703200,Mark 01,Mark 22,VEV_6500,XIRECS,0.0,5,1,0,1,0.5,0.0,0.0,0.0,1.0,False,True,tight_le2,22,5250.5,3.5
710500,Mark 14,Mark 22,VEV_5300,XIRECS,49.0,5,1,49,51,50.0,0.0,2.0,4.0,2.0,False,True,tight_le2,23,5256.5,6.0
710500,Mark 01,Mark 22,VEV_5400,XIRECS,15.0,5,1,15,16,15.5,0.5,1.0,2.0,1.0,False,True,tight_le2,23,5256.5,6.0
710500,Mark 01,Mark 22,VEV_5500,XIRECS,6.0,5,1,6,7,6.5,0.0,1.0,1.0,1.0,False,True,tight_le2,23,5256.5,6.0
710500,Mark 01,Mark 22,VEV_6000,XIRECS,0.0,5,1,0,1,0.5,0.0,0.0,0.0,1.0,False,True,tight_le2,23,5256.5,6.0
710500,Mark 01,Mark 22,VEV_6500,XIRECS,0.0,5,1,0,1,0.5,0.0,0.0,0.0,1.0,False,True,tight_le2,23,5256.5,6.0
715000,Mark 01,Mark 22,VEV_5400,XIRECS,18.0,5,1,18,19,18.5,0.5,0.0,-0.5,1.0,False,True,tight_le2,23,5269.5,2.0
715000,Mark 01,Mark 22,VEV_5500,XIRECS,7.0,5,1,7,8,7.5,1.0,0.5,0.0,1.0,False,True,tight_le2,23,5269.5,2.0
715000,Mark 01,Mark 22,VEV_6000,XIRECS,0.0,5,1,0,1,0.5,0.0,0.0,0.0,1.0,False,True,tight_le2,23,5269.5,2.0
715000,Mark 01,Mark 22,VEV_6500,XIRECS,0.0,5,1,0,1,0.5,0.0,0.0,0.0,1.0,False,True,tight_le2,23,5269.5,2.0
719600,Mark 14,Mark 38,VEV_4000,XIRECS,1254.0,2,1,1254,1275,1264.5,1.0,0.5,0.0,21.0,False,True,wide,23,5264.5,0.5
720500,Mark 14,Mark 22,VEV_5300,XIRECS,53.0,2,1,53,55,54.0,-1.0,-1.5,0.5,2.0,False,True,tight_le2,0,5266.5,-3.0
720500,Mark 01,Mark 22,VEV_5400,XIRECS,17.0,2,1,17,18,17.5,0.0,-0.5,0.5,1.0,False,True,tight_le2,0,5266.5,-3.0
720500,Mark 01,Mark 22,VEV_5500,XIRECS,7.0,2,1,7,8,7.5,0.0,0.0,0.5,1.0,False,True,tight_le2,0,5266.5,-3.0
720500,Mark 01,Mark 22,VEV_6000,XIRECS,0.0,2,1,0,1,0.5,0.0,0.0,0.0,1.0,False,True,tight_le2,0,5266.5,-3.0
720500,Mark 01,Mark 22,VEV_6500,XIRECS,0.0,2,1,0,1,0.5,0.0,0.0,0.0,1.0,False,True,tight_le2,0,5266.5,-3.0
721900,Mark 14,Mark 38,VEV_4000,XIRECS,1253.0,3,1,1253,1275,1264.0,-1.0,6.0,16.5,22.0,False,True,wide,0,5264.0,6.0
725000,Mark 01,Mark 22,VEV_5300,XIRECS,53.0,4,1,53,55,54.0,-1.0,-3.0,7.0,2.0,False,True,tight_le2,0,5266.5,-8.0
725000,Mark 01,Mark 22,VEV_5400,XIRECS,17.0,4,1,17,19,18.0,-0.5,-1.5,3.5,2.0,False,True,tight_le2,0,5266.5,-8.0
725000,Mark 01,Mark 22,VEV_5500,XIRECS,7.0,4,1,7,8,7.5,0.0,-0.5,2.0,1.0,False,True,tight_le2,0,5266.5,-8.0
725000,Mark 01,Mark 22,VEV_6000,XIRECS,0.0,4,1,0,1,0.5,0.0,0.0,0.0,1.0,False,True,tight_le2,0,5266.5,-8.0
725000,Mark 01,Mark 22,VEV_6500,XIRECS,0.0,4,1,0,1,0.5,0.0,0.0,0.0,1.0,False,True,tight_le2,0,5266.5,-8.0
735100,Mark 14,Mark 22,VEV_5400,XIRECS,21.0,4,1,21,22,21.5,-1.0,-2.0,-1.0,1.0,False,True,tight_le2,1,5281.5,-8.0
735100,Mark 01,Mark 22,VEV_5500,XIRECS,9.0,4,1,9,10,9.5,-0.5,-1.0,-1.0,1.0,False,True,tight_le2,1,5281.5,-8.0
735100,Mark 01,Mark 22,VEV_6000,XIRECS,0.0,4,1,0,1,0.5,0.0,0.0,0.0,1.0,False,True,tight_le2,1,5281.5,-8.0
735100,Mark 01,Mark 22,VEV_6500,XIRECS,0.0,4,1,0,1,0.5,0.0,0.0,0.0,1.0,False,True,tight_le2,1,5281.5,-8.0
738100,Mark 38,Mark 14,VEV_4000,XIRECS,1282.0,2,1,1261,1282,1271.5,-1.0,-9.0,-0.5,21.0,True,False,wide,1,5271.5,-9.0
741900,Mark 01,Mark 22,VEV_5400,XIRECS,17.0,4,1,17,19,18.0,-0.5,0.5,0.5,2.0,False,True,tight_le2,2,5265.5,4.0
741900,Mark 01,Mark 22,VEV_5500,XIRECS,7.0,4,1,7,8,7.5,0.0,0.5,0.0,1.0,False,True,tight_le2,2,5265.5,4.0
741900,Mark 01,Mark 22,VEV_6000,XIRECS,0.0,4,1,0,1,0.5,0.0,0.0,0.0,1.0,False,True,tight_le2,2,5265.5,4.0
741900,Mark 01,Mark 22,VEV_6500,XIRECS,0.0,4,1,0,1,0.5,0.0,0.0,0.0,1.0,False,True,tight_le2,2,5265.5,4.0
743600,Mark 14,Mark 38,VEV_4000,XIRECS,1259.0,3,1,1259,1280,1269.5,2.0,7.0,-7.0,21.0,False,True,wide,2,5269.5,7.0
743800,Mark 38,Mark 14,VEV_4000,XIRECS,1279.0,3,1,1258,1279,1268.5,5.5,8.0,-8.0,21.0,True,False,wide,2,5268.5,8.0
746300,Mark 14,Mark 22,VEV_5400,XIRECS,20.0,4,1,20,21,20.5,-0.5,-1.0,-3.0,1.0,False,True,tight_le2,2,5277.0,-4.5
746300,Mark 01,Mark 22,VEV_5500,XIRECS,8.0,4,1,8,9,8.5,0.0,0.0,-1.0,1.0,False,True,tight_le2,2,5277.0,-4.5
746300,Mark 01,Mark 22,VEV_6000,XIRECS,0.0,4,1,0,1,0.5,0.0,0.0,0.0,1.0,False,True,tight_le2,2,5277.0,-4.5
746300,Mark 01,Mark 22,VEV_6500,XIRECS,0.0,4,1,0,1,0.5,0.0,0.0,0.0,1.0,False,True,tight_le2,2,5277.0,-4.5
747400,Mark 14,Mark 38,VEV_4000,XIRECS,1264.0,3,1,1264,1285,1274.5,-4.0,-1.0,-5.0,21.0,False,True,wide,2,5274.5,-1.0
747700,Mark 14,Mark 38,VEV_4000,XIRECS,1261.0,3,1,1261,1282,1271.5,0.5,3.0,-3.0,21.0,False,True,wide,2,5271.5,3.0
753400,Mark 14,Mark 38,VEV_4000,XIRECS,1253.0,3,1,1253,1275,1264.0,-3.5,-0.5,6.5,22.0,False,True,wide,3,5264.0,-0.5
754200,Mark 01,Mark 22,VEV_5400,XIRECS,16.0,3,1,16,17,16.5,0.5,1.0,1.5,1.0,False,True,tight_le2,3,5260.5,5.0
754200,Mark 01,Mark 22,VEV_5500,XIRECS,6.0,3,1,6,8,7.0,0.5,0.5,0.5,2.0,False,True,tight_le2,3,5260.5,5.0
754200,Mark 01,Mark 22,VEV_6000,XIRECS,0.0,3,1,0,1,0.5,0.0,0.0,0.0,1.0,False,True,tight_le2,3,5260.5,5.0
754200,Mark 01,Mark 22,VEV_6500,XIRECS,0.0,3,1,0,1,0.5,0.0,0.0,0.0,1.0,False,True,tight_le2,3,5260.5,5.0
756300,Mark 38,Mark 14,VEV_4000,XIRECS,1276.0,2,1,1255,1276,1265.5,0.0,6.5,6.0,21.0,True,False,wide,3,5265.5,5.5
760000,Mark 01,Mark 22,VEV_5400,XIRECS,19.0,2,1,19,21,20.0,-0.5,-1.0,-2.5,2.0,False,True,tight_le2,4,5276.5,-4.0
760000,Mark 01,Mark 22,VEV_5500,XIRECS,8.0,2,1,8,9,8.5,0.0,0.0,-1.0,1.0,False,True,tight_le2,4,5276.5,-4.0
760000,Mark 01,Mark 22,VEV_6000,XIRECS,0.0,2,1,0,1,0.5,0.0,0.0,0.0,1.0,False,True,tight_le2,4,5276.5,-4.0
760000,Mark 01,Mark 22,VEV_6500,XIRECS,0.0,2,1,0,1,0.5,0.0,0.0,0.0,1.0,False,True,tight_le2,4,5276.5,-4.0
762700,Mark 14,Mark 38,VEV_4000,XIRECS,1261.0,2,1,1261,1283,1272.0,-0.5,-1.5,-10.5,22.0,False,True,wide,4,5272.0,-1.5
764300,Mark 14,Mark 38,VEV_4000,XIRECS,1258.0,2,1,1258,1280,1269.0,-0.5,2.5,-7.5,22.0,False,True,wide,4,5269.5,2.0
772000,Mark 38,Mark 14,VEV_4000,XIRECS,1273.0,3,1,1252,1273,1262.5,0.0,0.5,-3.0,21.0,True,False,wide,5,5262.5,0.5
775300,Mark 14,Mark 38,VEV_4000,XIRECS,1250.0,1,1,1250,1271,1260.5,1.0,3.0,-6.0,21.0,False,True,wide,5,5260.5,3.0
783300,Mark 14,Mark 38,VEV_4000,XIRECS,1249.0,3,1,1249,1270,1259.5,2.0,-5.0,-5.0,21.0,False,True,wide,6,5259.5,-5.0
785800,Mark 01,Mark 22,VEV_5400,XIRECS,15.0,3,1,15,16,15.5,-0.5,0.5,-0.5,1.0,False,True,tight_le2,6,5254.5,4.0
785800,Mark 01,Mark 22,VEV_5500,XIRECS,6.0,3,1,6,7,6.5,-0.5,0.0,0.0,1.0,False,True,tight_le2,6,5254.5,4.0
785800,Mark 01,Mark 22,VEV_6000,XIRECS,0.0,3,1,0,1,0.5,0.0,0.0,0.0,1.0,False,True,tight_le2,6,5254.5,4.0
785800,Mark 01,Mark 22,VEV_6500,XIRECS,0.0,3,1,0,1,0.5,0.0,0.0,0.0,1.0,False,True,tight_le2,6,5254.5,4.0
786900,Mark 14,Mark 38,VEV_4000,XIRECS,1250.0,1,1,1250,1271,1260.5,-3.0,0.5,-8.0,21.0,False,True,wide,6,5260.5,0.5
789200,Mark 14,Mark 38,VEV_4000,XIRECS,1250.0,3,1,1250,1272,1261.0,2.5,0.5,-8.5,22.0,False,True,wide,6,5261.0,-1.0
798100,Mark 01,Mark 22,VEV_5400,XIRECS,15.0,4,1,15,16,15.5,0.0,-1.0,-1.5,1.0,False,True,tight_le2,7,5255.5,-4.0
798100,Mark 01,Mark 22,VEV_5500,XIRECS,6.0,4,1,6,7,6.5,0.0,-0.5,-1.0,1.0,False,True,tight_le2,7,5255.5,-4.0
798100,Mark 01,Mark 22,VEV_6000,XIRECS,0.0,4,1,0,1,0.5,0.0,0.0,0.0,1.0,False,True,tight_le2,7,5255.5,-4.0
798100,Mark 01,Mark 22,VEV_6500,XIRECS,0.0,4,1,0,1,0.5,0.0,0.0,0.0,1.0,False,True,tight_le2,7,5255.5,-4.0
800400,Mark 01,Mark 22,VEV_5300,XIRECS,45.0,3,1,45,47,46.0,0.0,-2.0,-3.0,2.0,False,True,tight_le2,8,5249.5,-5.5
800400,Mark 01,Mark 22,VEV_5500,XIRECS,5.0,3,1,5,6,5.5,0.0,0.0,0.0,1.0,False,True,tight_le2,8,5249.5,-5.5
800400,Mark 01,Mark 22,VEV_6000,XIRECS,0.0,3,1,0,1,0.5,0.0,0.0,0.0,1.0,False,True,tight_le2,8,5249.5,-5.5
800400,Mark 01,Mark 22,VEV_6500,XIRECS,0.0,3,1,0,1,0.5,0.0,0.0,0.0,1.0,False,True,tight_le2,8,5249.5,-5.5
801000,Mark 38,Mark 14,VEV_4000,XIRECS,1259.0,2,1,1238,1259,1248.5,1.0,-10.0,-11.0,21.0,True,False,wide,8,5248.5,-10.0
801800,Mark 01,Mark 22,VEV_5400,XIRECS,13.0,2,1,13,14,13.5,0.0,-1.0,-2.0,1.0,False,True,tight_le2,8,5247.5,-6.0
801800,Mark 01,Mark 22,VEV_5500,XIRECS,5.0,2,1,5,6,5.5,0.0,0.0,-1.0,1.0,False,True,tight_le2,8,5247.5,-6.0
801800,Mark 01,Mark 22,VEV_6000,XIRECS,0.0,2,1,0,1,0.5,0.0,0.0,0.0,1.0,False,True,tight_le2,8,5247.5,-6.0
801800,Mark 01,Mark 22,VEV_6500,XIRECS,0.0,2,1,0,1,0.5,0.0,0.0,0.0,1.0,False,True,tight_le2,8,5247.5,-6.0
804900,Mark 14,Mark 38,VEV_4000,XIRECS,1230.0,1,1,1230,1250,1240.0,1.5,9.5,-11.5,20.0,False,True,wide,8,5240.0,9.5
807800,Mark 01,Mark 22,VEV_5300,XIRECS,45.0,3,1,45,47,46.0,0.5,-2.0,-6.5,2.0,False,True,tight_le2,8,5249.0,-4.5
807800,Mark 01,Mark 22,VEV_5400,XIRECS,13.0,3,1,13,15,14.0,0.5,-1.0,-3.0,2.0,False,True,tight_le2,8,5249.0,-4.5
807800,Mark 01,Mark 22,VEV_5500,XIRECS,5.0,3,1,5,6,5.5,0.0,0.0,-1.0,1.0,False,True,tight_le2,8,5249.0,-4.5
807800,Mark 01,Mark 22,VEV_6000,XIRECS,0.0,3,1,0,1,0.5,0.0,0.0,0.0,1.0,False,True,tight_le2,8,5249.0,-4.5
807800,Mark 01,Mark 22,VEV_6500,XIRECS,0.0,3,1,0,1,0.5,0.0,0.0,0.0,1.0,False,True,tight_le2,8,5249.0,-4.5
812600,Mark 01,Mark 22,VEV_5300,XIRECS,40.0,4,1,40,42,41.0,-2.0,-2.0,2.0,2.0,False,True,tight_le2,9,5235.0,-6.0
812600,Mark 01,Mark 22,VEV_5400,XIRECS,11.0,4,1,11,12,11.5,-0.5,-1.0,1.0,1.0,False,True,tight_le2,9,5235.0,-6.0
812600,Mark 01,Mark 22,VEV_5500,XIRECS,4.0,4,1,4,5,4.5,0.0,0.0,1.0,1.0,False,True,tight_le2,9,5235.0,-6.0
812600,Mark 01,Mark 22,VEV_6000,XIRECS,0.0,4,1,0,1,0.5,0.0,0.0,0.0,1.0,False,True,tight_le2,9,5235.0,-6.0
812600,Mark 01,Mark 22,VEV_6500,XIRECS,0.0,4,1,0,1,0.5,0.0,0.0,0.0,1.0,False,True,tight_le2,9,5235.0,-6.0
813000,Mark 01,Mark 22,VEV_5500,XIRECS,4.0,3,1,4,5,4.5,0.0,0.0,1.0,1.0,False,True,tight_le2,9,5231.5,-4.0
813000,Mark 01,Mark 22,VEV_6000,XIRECS,0.0,3,1,0,1,0.5,0.0,0.0,0.0,1.0,False,True,tight_le2,9,5231.5,-4.0
813000,Mark 01,Mark 22,VEV_6500,XIRECS,0.0,3,1,0,1,0.5,0.0,0.0,0.0,1.0,False,True,tight_le2,9,5231.5,-4.0
821300,Mark 14,Mark 38,VEV_4000,XIRECS,1233.0,2,1,1233,1254,1243.5,2.0,5.0,-1.0,21.0,False,True,wide,10,5243.5,5.0
824800,Mark 01,Mark 22,VEV_5500,XIRECS,5.0,5,1,5,6,5.5,0.0,0.0,0.0,1.0,False,True,tight_le2,10,5250.5,-4.0
824800,Mark 01,Mark 22,VEV_6000,XIRECS,0.0,5,1,0,1,0.5,0.0,0.0,0.0,1.0,False,True,tight_le2,10,5250.5,-4.0
824800,Mark 01,Mark 22,VEV_6500,XIRECS,0.0,5,1,0,1,0.5,0.0,0.0,0.0,1.0,False,True,tight_le2,10,5250.5,-4.0
848200,Mark 38,Mark 14,VEV_4000,XIRECS,1272.0,2,1,1251,1272,1261.5,2.0,2.0,2.5,21.0,True,False,wide,12,5261.5,2.0
848900,Mark 14,Mark 22,VEV_5300,XIRECS,51.0,5,1,51,53,52.0,1.0,-1.0,-1.0,2.0,False,True,tight_le2,12,5264.5,-2.0
848900,Mark 14,Mark 22,VEV_5500,XIRECS,7.0,5,1,7,8,7.5,0.0,-1.0,-0.5,1.0,False,True,tight_le2,12,5264.5,-2.0
848900,Mark 01,Mark 22,VEV_6000,XIRECS,0.0,5,1,0,1,0.5,0.0,0.0,0.0,1.0,False,True,tight_le2,12,5264.5,-2.0
848900,Mark 01,Mark 22,VEV_6500,XIRECS,0.0,5,1,0,1,0.5,0.0,0.0,0.0,1.0,False,True,tight_le2,12,5264.5,-2.0
849200,Mark 14,Mark 38,VEV_4000,XIRECS,1256.0,2,1,1256,1277,1266.5,-0.5,-11.5,-4.0,21.0,False,True,wide,12,5266.5,-6.0
851200,Mark 01,Mark 22,VEV_5400,XIRECS,16.0,3,1,16,17,16.5,0.0,1.5,-1.0,1.0,False,True,tight_le2,13,5260.5,9.0
851200,Mark 01,Mark 22,VEV_5500,XIRECS,6.0,3,1,6,7,6.5,0.0,1.0,0.0,1.0,False,True,tight_le2,13,5260.5,9.0
851200,Mark 01,Mark 22,VEV_6000,XIRECS,0.0,3,1,0,1,0.5,0.0,0.0,0.0,1.0,False,True,tight_le2,13,5260.5,9.0
851200,Mark 01,Mark 22,VEV_6500,XIRECS,0.0,3,1,0,1,0.5,0.0,0.0,0.0,1.0,False,True,tight_le2,13,5260.5,9.0
855500,Mark 14,Mark 38,VEV_4000,XIRECS,1264.0,3,1,1264,1285,1274.5,-2.5,-9.0,-19.0,21.0,False,True,wide,13,5274.5,-9.0
865400,Mark 01,Mark 22,VEV_5400,XIRECS,14.0,5,1,14,16,15.0,-0.5,-1.0,-2.5,2.0,False,True,tight_le2,14,5254.0,-5.5
865400,Mark 01,Mark 22,VEV_5500,XIRECS,6.0,5,1,6,7,6.5,-0.5,-1.0,-1.5,1.0,False,True,tight_le2,14,5254.0,-5.5
865400,Mark 01,Mark 22,VEV_6000,XIRECS,0.0,5,1,0,1,0.5,0.0,0.0,0.0,1.0,False,True,tight_le2,14,5254.0,-5.5
865400,Mark 01,Mark 22,VEV_6500,XIRECS,0.0,5,1,0,1,0.5,0.0,0.0,0.0,1.0,False,True,tight_le2,14,5254.0,-5.5
867800,Mark 38,Mark 14,VEV_4000,XIRECS,1261.0,2,1,1240,1261,1250.5,0.0,-5.0,-12.0,21.0,True,False,wide,14,5250.5,-5.0
868800,Mark 01,Mark 22,VEV_5500,XIRECS,5.0,2,1,5,6,5.5,0.0,0.0,-1.0,1.0,False,True,tight_le2,14,5248.5,-4.0
868800,Mark 01,Mark 22,VEV_6000,XIRECS,0.0,2,1,0,1,0.5,0.0,0.0,0.0,1.0,False,True,tight_le2,14,5248.5,-4.0
868800,Mark 01,Mark 22,VEV_6500,XIRECS,0.0,2,1,0,1,0.5,0.0,0.0,0.0,1.0,False,True,tight_le2,14,5248.5,-4.0
870100,Mark 14,Mark 38,VEV_4000,XIRECS,1236.0,3,1,1236,1257,1246.5,-1.0,-2.0,-7.0,21.0,False,True,wide,15,5246.5,-2.0
870200,Mark 38,Mark 14,VEV_4000,XIRECS,1257.0,3,1,1236,1257,1246.5,-1.0,-2.5,-7.0,21.0,True,False,wide,15,5246.5,-2.5
881400,Mark 14,Mark 38,VEV_4000,XIRECS,1229.0,1,1,1229,1250,1239.5,6.0,9.0,10.0,21.0,False,True,wide,16,5241.0,7.5
886300,Mark 14,Mark 38,VEV_4000,XIRECS,1246.0,3,1,1246,1267,1256.5,-1.0,-6.0,-6.0,21.0,False,True,wide,16,5256.5,-5.5
888300,Mark 38,Mark 14,VEV_4000,XIRECS,1261.0,2,1,1240,1261,1250.5,0.0,-7.0,-1.0,21.0,True,False,wide,16,5251.0,-7.5
900800,Mark 38,Mark 14,VEV_4000,XIRECS,1261.0,3,1,1240,1261,1250.5,2.0,5.0,11.0,21.0,True,False,wide,18,5250.5,5.0
901100,Mark 01,Mark 22,VEV_5400,XIRECS,14.0,4,1,14,15,14.5,0.0,1.0,1.5,1.0,False,True,tight_le2,18,5251.0,7.5
901100,Mark 01,Mark 22,VEV_5500,XIRECS,5.0,4,1,5,6,5.5,0.0,1.0,1.0,1.0,False,True,tight_le2,18,5251.0,7.5
901100,Mark 01,Mark 22,VEV_6000,XIRECS,0.0,4,1,0,1,0.5,0.0,0.0,0.0,1.0,False,True,tight_le2,18,5251.0,7.5
901100,Mark 01,Mark 22,VEV_6500,XIRECS,0.0,4,1,0,1,0.5,0.0,0.0,0.0,1.0,False,True,tight_le2,18,5251.0,7.5
901600,Mark 38,Mark 14,VEV_4000,XIRECS,1264.0,1,1,1243,1264,1253.5,2.0,7.5,8.0,21.0,True,False,wide,18,5253.5,7.5
903400,Mark 38,Mark 14,VEV_4000,XIRECS,1271.0,1,1,1249,1271,1260.0,-1.5,-2.5,3.5,22.0,True,False,wide,18,5261.5,-4.0
915200,Mark 14,Mark 38,VEV_4000,XIRECS,1253.0,2,1,1253,1275,1264.0,3.5,-3.5,11.5,22.0,False,True,wide,19,5264.0,-3.5
921000,Mark 01,Mark 22,VEV_5400,XIRECS,17.0,4,1,17,18,17.5,0.5,0.5,1.0,1.0,False,True,tight_le2,20,5269.5,3.0
921000,Mark 01,Mark 22,VEV_5500,XIRECS,7.0,4,1,7,8,7.5,0.0,0.0,0.0,1.0,False,True,tight_le2,20,5269.5,3.0
921000,Mark 01,Mark 22,VEV_6000,XIRECS,0.0,4,1,0,1,0.5,0.0,0.0,0.0,1.0,False,True,tight_le2,20,5269.5,3.0
921000,Mark 01,Mark 22,VEV_6500,XIRECS,0.0,4,1,0,1,0.5,0.0,0.0,0.0,1.0,False,True,tight_le2,20,5269.5,3.0
925400,Mark 14,Mark 38,VEV_4000,XIRECS,1264.0,3,1,1264,1285,1274.5,2.5,3.0,-7.0,21.0,False,True,wide,20,5274.5,3.0
928400,Mark 01,Mark 22,VEV_5500,XIRECS,8.0,3,1,8,9,8.5,-0.5,-1.0,-2.0,1.0,False,True,tight_le2,20,5280.5,-9.0
928400,Mark 01,Mark 22,VEV_6000,XIRECS,0.0,3,1,0,1,0.5,0.0,0.0,0.0,1.0,False,True,tight_le2,20,5280.5,-9.0
928400,Mark 01,Mark 22,VEV_6500,XIRECS,0.0,3,1,0,1,0.5,0.0,0.0,0.0,1.0,False,True,tight_le2,20,5280.5,-9.0
929100,Mark 38,Mark 14,VEV_4000,XIRECS,1289.0,2,1,1268,1289,1278.5,-2.5,-4.5,-15.0,21.0,True,False,wide,20,5278.5,-4.5
937300,Mark 01,Mark 22,VEV_5400,XIRECS,15.0,4,1,15,16,15.5,0.5,1.0,-2.0,1.0,False,True,tight_le2,21,5260.0,4.0
937300,Mark 01,Mark 22,VEV_5500,XIRECS,6.0,4,1,6,7,6.5,0.0,0.0,-1.0,1.0,False,True,tight_le2,21,5260.0,4.0
937300,Mark 01,Mark 22,VEV_6000,XIRECS,0.0,4,1,0,1,0.5,0.0,0.0,0.0,1.0,False,True,tight_le2,21,5260.0,4.0
937300,Mark 01,Mark 22,VEV_6500,XIRECS,0.0,4,1,0,1,0.5,0.0,0.0,0.0,1.0,False,True,tight_le2,21,5260.0,4.0
937700,Mark 14,Mark 38,VEV_4000,XIRECS,1249.0,3,1,1249,1271,1260.0,3.5,3.5,-11.5,22.0,False,True,wide,21,5260.0,3.5
943100,Mark 01,Mark 22,VEV_5400,XIRECS,13.0,4,1,13,14,13.5,-0.5,-0.5,2.0,1.0,False,True,tight_le2,22,5246.5,-1.0
943100,Mark 01,Mark 22,VEV_5500,XIRECS,5.0,4,1,5,6,5.5,0.0,0.0,1.0,1.0,False,True,tight_le2,22,5246.5,-1.0
943100,Mark 01,Mark 22,VEV_6000,XIRECS,0.0,4,1,0,1,0.5,0.0,0.0,0.0,1.0,False,True,tight_le2,22,5246.5,-1.0
943100,Mark 01,Mark 22,VEV_6500,XIRECS,0.0,4,1,0,1,0.5,0.0,0.0,0.0,1.0,False,True,tight_le2,22,5246.5,-1.0
948500,Mark 01,Mark 22,VEV_5300,XIRECS,45.0,4,1,45,47,46.0,0.0,2.0,7.0,2.0,False,True,tight_le2,22,5249.5,4.0
948500,Mark 01,Mark 22,VEV_5400,XIRECS,13.0,4,1,13,15,14.0,0.0,0.5,3.0,2.0,False,True,tight_le2,22,5249.5,4.0
948500,Mark 01,Mark 22,VEV_5500,XIRECS,5.0,4,1,5,6,5.5,0.0,0.0,1.0,1.0,False,True,tight_le2,22,5249.5,4.0
948500,Mark 01,Mark 22,VEV_6000,XIRECS,0.0,4,1,0,1,0.5,0.0,0.0,0.0,1.0,False,True,tight_le2,22,5249.5,4.0
948500,Mark 01,Mark 22,VEV_6500,XIRECS,0.0,4,1,0,1,0.5,0.0,0.0,0.0,1.0,False,True,tight_le2,22,5249.5,4.0
950300,Mark 01,Mark 22,VEV_5400,XIRECS,14.0,5,1,14,15,14.5,0.5,1.0,1.5,1.0,False,True,tight_le2,23,5253.5,7.0
950300,Mark 01,Mark 22,VEV_5500,XIRECS,5.0,5,1,5,6,5.5,0.5,1.0,1.0,1.0,False,True,tight_le2,23,5253.5,7.0
950300,Mark 01,Mark 22,VEV_6000,XIRECS,0.0,5,1,0,1,0.5,0.0,0.0,0.0,1.0,False,True,tight_le2,23,5253.5,7.0
950300,Mark 01,Mark 22,VEV_6500,XIRECS,0.0,5,1,0,1,0.5,0.0,0.0,0.0,1.0,False,True,tight_le2,23,5253.5,7.0
953400,Mark 38,Mark 14,VEV_4000,XIRECS,1270.0,2,1,1249,1270,1259.5,1.0,6.0,9.5,21.0,True,False,wide,23,5259.5,6.0
962900,Mark 38,Mark 14,VEV_4000,XIRECS,1279.0,1,1,1257,1279,1268.0,1.0,8.5,-8.5,22.0,True,False,wide,0,5268.0,8.5
968200,Mark 14,Mark 38,VEV_4000,XIRECS,1261.0,1,1,1261,1282,1271.5,-1.0,-7.0,-11.0,21.0,False,True,wide,0,5271.5,-7.0
977200,Mark 38,Mark 14,VEV_4000,XIRECS,1267.0,1,1,1246,1267,1256.5,1.0,2.0,0.0,21.0,True,False,wide,1,5256.5,2.0
979700,Mark 38,Mark 14,VEV_4000,XIRECS,1270.0,2,1,1249,1270,1259.5,1.0,1.0,-3.0,21.0,True,False,wide,1,5259.5,-5.5
988100,Mark 14,Mark 22,VEV_5200,XIRECS,94.0,5,1,94,96,95.0,-0.5,2.5,9.5,2.0,False,True,tight_le2,2,5253.5,4.0
988100,Mark 01,Mark 22,VEV_5300,XIRECS,46.0,5,1,46,48,47.0,0.0,2.0,6.0,2.0,False,True,tight_le2,2,5253.5,4.0
988100,Mark 01,Mark 22,VEV_5400,XIRECS,14.0,5,1,14,15,14.5,0.0,1.0,2.5,1.0,False,True,tight_le2,2,5253.5,4.0
988100,Mark 01,Mark 22,VEV_5500,XIRECS,5.0,5,1,5,6,5.5,0.0,0.5,1.0,1.0,False,True,tight_le2,2,5253.5,4.0
988100,Mark 01,Mark 22,VEV_6000,XIRECS,0.0,5,1,0,1,0.5,0.0,0.0,0.0,1.0,False,True,tight_le2,2,5253.5,4.0
988100,Mark 01,Mark 22,VEV_6500,XIRECS,0.0,5,1,0,1,0.5,0.0,0.0,0.0,1.0,False,True,tight_le2,2,5253.5,4.0
990300,Mark 01,Mark 22,VEV_5400,XIRECS,15.0,5,1,15,16,15.5,0.5,1.0,,1.0,False,True,tight_le2,3,5258.5,4.5
990300,Mark 01,Mark 22,VEV_6000,XIRECS,0.0,5,1,0,1,0.5,0.0,0.0,,1.0,False,True,tight_le2,3,5258.5,4.5
990300,Mark 01,Mark 22,VEV_6500,XIRECS,0.0,5,1,0,1,0.5,0.0,0.0,,1.0,False,True,tight_le2,3,5258.5,4.5
997300,Mark 14,Mark 38,VEV_4000,XIRECS,1261.0,2,1,1261,1282,1271.5,-1.5,-1.0,,21.0,False,True,wide,3,5271.5,-1.0
998500,Mark 38,Mark 14,VEV_4000,XIRECS,1280.0,3,1,1259,1280,1269.5,-2.0,,,21.0,True,False,wide,3,5269.5,
1300,Mark 14,Mark 38,VEV_4000,XIRECS,1251.0,3,2,1251,1273,1262.0,3.5,11.5,3.0,22.0,False,True,wide,0,5262.0,11.5
9000,Mark 38,Mark 14,VEV_4000,XIRECS,1278.0,1,2,1256,1278,1267.0,-3.5,-4.5,2.5,22.0,True,False,wide,0,5267.5,-5.0
13100,Mark 01,Mark 22,VEV_5400,XIRECS,16.0,3,2,16,18,17.0,0.0,0.5,0.0,2.0,False,True,tight_le2,1,5266.0,2.5
13100,Mark 01,Mark 22,VEV_5500,XIRECS,6.0,3,2,6,7,6.5,0.0,0.0,0.0,1.0,False,True,tight_le2,1,5266.0,2.5
13100,Mark 01,Mark 22,VEV_6000,XIRECS,0.0,3,2,0,1,0.5,0.0,0.0,0.0,1.0,False,True,tight_le2,1,5266.0,2.5
13100,Mark 01,Mark 22,VEV_6500,XIRECS,0.0,3,2,0,1,0.5,0.0,0.0,0.0,1.0,False,True,tight_le2,1,5266.0,2.5
20900,Mark 01,Mark 22,VEV_5300,XIRECS,53.0,5,2,53,55,54.0,0.0,-1.0,-4.5,2.0,False,True,tight_le2,2,5270.5,-2.5
20900,Mark 01,Mark 22,VEV_5400,XIRECS,17.0,5,2,17,19,18.0,0.0,-0.5,-2.5,2.0,False,True,tight_le2,2,5270.5,-2.5
20900,Mark 01,Mark 22,VEV_5500,XIRECS,7.0,5,2,7,8,7.5,0.0,-1.0,-1.0,1.0,False,True,tight_le2,2,5270.5,-2.5
20900,Mark 01,Mark 22,VEV_6000,XIRECS,0.0,5,2,0,1,0.5,0.0,0.0,0.0,1.0,False,True,tight_le2,2,5270.5,-2.5
20900,Mark 01,Mark 22,VEV_6500,XIRECS,0.0,5,2,0,1,0.5,0.0,0.0,0.0,1.0,False,True,tight_le2,2,5270.5,-2.5
23500,Mark 01,Mark 22,VEV_5400,XIRECS,16.0,2,2,16,17,16.5,0.0,0.5,1.0,1.0,False,True,tight_le2,2,5264.0,2.5
23500,Mark 01,Mark 22,VEV_5500,XIRECS,6.0,2,2,6,7,6.5,0.0,0.0,0.0,1.0,False,True,tight_le2,2,5264.0,2.5
23500,Mark 01,Mark 22,VEV_6000,XIRECS,0.0,2,2,0,1,0.5,0.0,0.0,0.0,1.0,False,True,tight_le2,2,5264.0,2.5
23500,Mark 01,Mark 22,VEV_6500,XIRECS,0.0,2,2,0,1,0.5,0.0,0.0,0.0,1.0,False,True,tight_le2,2,5264.0,2.5
29500,Mark 01,Mark 22,VEV_5400,XIRECS,16.0,2,2,16,18,17.0,-0.5,-1.0,-0.5,2.0,False,True,tight_le2,2,5266.5,-5.0
29500,Mark 01,Mark 22,VEV_5500,XIRECS,6.0,2,2,6,7,6.5,0.0,0.0,0.0,1.0,False,True,tight_le2,2,5266.5,-5.0
29500,Mark 01,Mark 22,VEV_6000,XIRECS,0.0,2,2,0,1,0.5,0.0,0.0,0.0,1.0,False,True,tight_le2,2,5266.5,-5.0
29500,Mark 01,Mark 22,VEV_6500,XIRECS,0.0,2,2,0,1,0.5,0.0,0.0,0.0,1.0,False,True,tight_le2,2,5266.5,-5.0
34100,Mark 38,Mark 14,VEV_4000,XIRECS,1282.0,1,2,1261,1282,1271.5,-1.0,-3.5,-18.5,21.0,True,False,wide,3,5271.5,-3.0
39500,Mark 14,Mark 38,VEV_4000,XIRECS,1254.0,2,2,1254,1275,1264.5,-3.0,-13.0,-6.0,21.0,False,True,wide,3,5264.5,-13.0
41900,Mark 01,Mark 22,VEV_5400,XIRECS,13.0,2,2,13,14,13.5,1.0,0.5,2.0,1.0,False,True,tight_le2,4,5250.5,0.0
41900,Mark 01,Mark 22,VEV_5500,XIRECS,5.0,2,2,5,6,5.5,0.0,0.0,1.0,1.0,False,True,tight_le2,4,5250.5,0.0
41900,Mark 01,Mark 22,VEV_6000,XIRECS,0.0,2,2,0,1,0.5,0.0,0.0,0.0,1.0,False,True,tight_le2,4,5250.5,0.0
41900,Mark 01,Mark 22,VEV_6500,XIRECS,0.0,2,2,0,1,0.5,0.0,0.0,0.0,1.0,False,True,tight_le2,4,5250.5,0.0
42900,Mark 01,Mark 22,VEV_5400,XIRECS,14.0,4,2,14,15,14.5,0.0,1.0,0.0,1.0,False,True,tight_le2,4,5253.5,3.0
42900,Mark 01,Mark 22,VEV_5500,XIRECS,5.0,4,2,5,6,5.5,0.0,0.5,1.0,1.0,False,True,tight_le2,4,5253.5,3.0
42900,Mark 01,Mark 22,VEV_6000,XIRECS,0.0,4,2,0,1,0.5,0.0,0.0,0.0,1.0,False,True,tight_le2,4,5253.5,3.0
42900,Mark 01,Mark 22,VEV_6500,XIRECS,0.0,4,2,0,1,0.5,0.0,0.0,0.0,1.0,False,True,tight_le2,4,5253.5,3.0
45100,Mark 14,Mark 22,VEV_5400,XIRECS,15.0,5,2,15,16,15.5,-1.0,0.0,-0.5,1.0,False,True,tight_le2,4,5258.0,1.5
45100,Mark 01,Mark 22,VEV_5500,XIRECS,5.0,5,2,5,7,6.0,-0.5,0.0,0.0,2.0,False,True,tight_le2,4,5258.0,1.5
45100,Mark 01,Mark 22,VEV_6000,XIRECS,0.0,5,2,0,1,0.5,0.0,0.0,0.0,1.0,False,True,tight_le2,4,5258.0,1.5
45100,Mark 01,Mark 22,VEV_6500,XIRECS,0.0,5,2,0,1,0.5,0.0,0.0,0.0,1.0,False,True,tight_le2,4,5258.0,1.5
50200,Mark 14,Mark 38,VEV_4000,XIRECS,1249.0,3,2,1249,1270,1259.5,2.0,2.0,-17.0,21.0,False,True,wide,5,5259.5,2.0
52900,Mark 01,Mark 22,VEV_5500,XIRECS,6.0,5,2,6,7,6.5,0.0,-0.5,-1.0,1.0,False,True,tight_le2,5,5261.0,-3.5
52900,Mark 01,Mark 22,VEV_6000,XIRECS,0.0,5,2,0,1,0.5,0.0,0.0,0.0,1.0,False,True,tight_le2,5,5261.0,-3.5
52900,Mark 01,Mark 22,VEV_6500,XIRECS,0.0,5,2,0,1,0.5,0.0,0.0,0.0,1.0,False,True,tight_le2,5,5261.0,-3.5
63800,Mark 38,Mark 14,VEV_4000,XIRECS,1262.0,3,2,1241,1262,1251.5,0.5,1.0,5.0,21.0,True,False,wide,6,5251.5,1.0
75200,Mark 01,Mark 22,VEV_5300,XIRECS,46.0,4,2,46,48,47.0,0.0,-1.5,5.0,2.0,False,True,tight_le2,7,5255.5,-3.0
75200,Mark 01,Mark 22,VEV_5400,XIRECS,14.0,4,2,14,15,14.5,0.0,-0.5,2.5,1.0,False,True,tight_le2,7,5255.5,-3.0
75200,Mark 01,Mark 22,VEV_5500,XIRECS,5.0,4,2,5,6,5.5,0.0,0.0,1.0,1.0,False,True,tight_le2,7,5255.5,-3.0
75200,Mark 01,Mark 22,VEV_6000,XIRECS,0.0,4,2,0,1,0.5,0.0,0.0,0.0,1.0,False,True,tight_le2,7,5255.5,-3.0
75200,Mark 01,Mark 22,VEV_6500,XIRECS,0.0,4,2,0,1,0.5,0.0,0.0,0.0,1.0,False,True,tight_le2,7,5255.5,-3.0
79300,Mark 14,Mark 22,VEV_5300,XIRECS,47.0,5,2,47,49,48.0,-1.0,2.5,4.5,2.0,False,True,tight_le2,7,5257.5,7.0
79300,Mark 01,Mark 22,VEV_5400,XIRECS,14.0,5,2,14,16,15.0,0.0,1.5,2.0,2.0,False,True,tight_le2,7,5257.5,7.0
79300,Mark 01,Mark 22,VEV_5500,XIRECS,5.0,5,2,5,7,6.0,-0.5,0.5,1.0,2.0,False,True,tight_le2,7,5257.5,7.0
79300,Mark 01,Mark 22,VEV_6000,XIRECS,0.0,5,2,0,1,0.5,0.0,0.0,0.0,1.0,False,True,tight_le2,7,5257.5,7.0
79300,Mark 01,Mark 22,VEV_6500,XIRECS,0.0,5,2,0,1,0.5,0.0,0.0,0.0,1.0,False,True,tight_le2,7,5257.5,7.0
80800,Mark 38,Mark 14,VEV_4000,XIRECS,1274.0,1,2,1253,1274,1263.5,1.0,6.0,2.0,21.0,True,False,wide,8,5263.5,6.0
98600,Mark 14,Mark 38,VEV_4000,XIRECS,1255.0,1,2,1255,1276,1265.5,-1.0,-6.0,-4.0,21.0,False,True,wide,9,5265.5,-6.0
102600,Mark 14,Mark 22,VEV_5400,XIRECS,16.0,2,2,16,17,16.5,-0.5,-1.0,-2.0,1.0,False,True,tight_le2,10,5265.0,-3.5
102600,Mark 01,Mark 22,VEV_5500,XIRECS,6.0,2,2,6,7,6.5,0.0,0.0,-1.0,1.0,False,True,tight_le2,10,5265.0,-3.5
102600,Mark 01,Mark 22,VEV_6000,XIRECS,0.0,2,2,0,1,0.5,0.0,0.0,0.0,1.0,False,True,tight_le2,10,5265.0,-3.5
102600,Mark 01,Mark 22,VEV_6500,XIRECS,0.0,2,2,0,1,0.5,0.0,0.0,0.0,1.0,False,True,tight_le2,10,5265.0,-3.5
103300,Mark 14,Mark 38,VEV_4000,XIRECS,1254.0,1,2,1254,1275,1264.5,-1.5,-4.0,-8.0,21.0,False,True,wide,10,5264.5,-4.0
103700,Mark 14,Mark 38,VEV_4000,XIRECS,1254.0,3,2,1254,1276,1265.0,-3.5,-5.5,-8.5,22.0,False,True,wide,10,5265.0,-5.5
105500,Mark 01,Mark 22,VEV_5300,XIRECS,47.0,5,2,47,49,48.0,1.0,1.0,-2.0,2.0,False,True,tight_le2,10,5258.5,3.5
105500,Mark 01,Mark 22,VEV_5500,XIRECS,5.0,5,2,5,7,6.0,0.5,0.5,-0.5,2.0,False,True,tight_le2,10,5258.5,3.5
105500,Mark 01,Mark 22,VEV_6000,XIRECS,0.0,5,2,0,1,0.5,0.0,0.0,0.0,1.0,False,True,tight_le2,10,5258.5,3.5
105500,Mark 01,Mark 22,VEV_6500,XIRECS,0.0,5,2,0,1,0.5,0.0,0.0,0.0,1.0,False,True,tight_le2,10,5258.5,3.5
109100,Mark 14,Mark 38,VEV_4000,XIRECS,1254.0,1,2,1254,1276,1265.0,-2.5,-6.5,-14.5,22.0,False,True,wide,10,5265.0,-6.5
111900,Mark 14,Mark 38,VEV_4000,XIRECS,1252.0,2,2,1252,1273,1262.5,-5.0,-5.0,-3.0,21.0,False,True,wide,11,5262.5,-5.0
114700,Mark 38,Mark 14,VEV_4000,XIRECS,1269.0,2,2,1248,1269,1258.5,-3.0,-1.0,3.0,21.0,True,False,wide,11,5258.5,-1.0
116800,Mark 38,Mark 14,VEV_4000,XIRECS,1268.0,2,2,1247,1268,1257.5,2.0,-4.0,4.0,21.0,True,False,wide,11,5257.5,-4.0
129700,Mark 01,Mark 22,VEV_5300,XIRECS,46.0,4,2,46,48,47.0,-1.0,0.0,0.0,2.0,False,True,tight_le2,12,5255.0,2.5
129700,Mark 01,Mark 22,VEV_5400,XIRECS,14.0,4,2,14,15,14.5,-0.5,0.0,-0.5,1.0,False,True,tight_le2,12,5255.0,2.5
129700,Mark 01,Mark 22,VEV_5500,XIRECS,5.0,4,2,5,6,5.5,0.0,0.0,0.0,1.0,False,True,tight_le2,12,5255.0,2.5
129700,Mark 01,Mark 22,VEV_6000,XIRECS,0.0,4,2,0,1,0.5,0.0,0.0,0.0,1.0,False,True,tight_le2,12,5255.0,2.5
129700,Mark 01,Mark 22,VEV_6500,XIRECS,0.0,4,2,0,1,0.5,0.0,0.0,0.0,1.0,False,True,tight_le2,12,5255.0,2.5
140900,Mark 14,Mark 38,VEV_4000,XIRECS,1246.0,1,2,1246,1267,1256.5,2.0,1.0,15.0,21.0,False,True,wide,14,5256.5,1.0
144400,Mark 14,Mark 38,VEV_4000,XIRECS,1253.0,1,2,1253,1274,1263.5,2.5,0.5,8.0,21.0,False,True,wide,14,5263.5,0.5
145800,Mark 14,Mark 38,VEV_4000,XIRECS,1257.0,1,2,1257,1279,1268.0,-3.5,-3.5,8.5,22.0,False,True,wide,14,5268.0,-3.5
150400,Mark 38,Mark 14,VEV_4000,XIRECS,1278.0,1,2,1257,1278,1267.5,4.0,6.0,11.0,21.0,True,False,wide,15,5267.5,6.0
153100,Mark 38,Mark 14,VEV_4000,XIRECS,1284.0,3,2,1262,1284,1273.0,-0.5,1.0,-1.5,22.0,True,False,wide,15,5273.0,1.0
155900,Mark 38,Mark 14,VEV_4000,XIRECS,1285.0,2,2,1263,1285,1274.0,2.5,2.0,0.5,22.0,True,False,wide,15,5274.0,0.5
166700,Mark 38,Mark 14,VEV_4000,XIRECS,1283.0,3,2,1262,1283,1272.5,0.0,-3.0,7.0,21.0,True,False,wide,16,5272.5,-3.0
169000,Mark 01,Mark 22,VEV_5300,XIRECS,52.0,3,2,52,54,53.0,-0.5,-0.5,1.5,2.0,False,True,tight_le2,16,5271.5,-1.0
169000,Mark 01,Mark 22,VEV_5400,XIRECS,16.0,3,2,16,18,17.0,-0.5,-0.5,0.5,2.0,False,True,tight_le2,16,5271.5,-1.0
169000,Mark 01,Mark 22,VEV_5500,XIRECS,6.0,3,2,6,8,7.0,0.0,-0.5,0.5,2.0,False,True,tight_le2,16,5271.5,-1.0
169000,Mark 01,Mark 22,VEV_6000,XIRECS,0.0,3,2,0,1,0.5,0.0,0.0,0.0,1.0,False,True,tight_le2,16,5271.5,-1.0
169000,Mark 01,Mark 22,VEV_6500,XIRECS,0.0,3,2,0,1,0.5,0.0,0.0,0.0,1.0,False,True,tight_le2,16,5271.5,-1.0
169200,Mark 14,Mark 38,VEV_4000,XIRECS,1261.0,3,2,1261,1282,1271.5,-1.0,2.5,-1.0,21.0,False,True,wide,16,5271.5,2.0
171800,Mark 01,Mark 22,VEV_5400,XIRECS,17.0,5,2,17,18,17.5,-0.5,0.0,-1.0,1.0,False,True,tight_le2,17,5272.5,3.0
171800,Mark 01,Mark 22,VEV_5500,XIRECS,7.0,5,2,7,8,7.5,-0.5,0.0,-1.0,1.0,False,True,tight_le2,17,5272.5,3.0
171800,Mark 01,Mark 22,VEV_6000,XIRECS,0.0,5,2,0,1,0.5,0.0,0.0,0.0,1.0,False,True,tight_le2,17,5272.5,3.0
171800,Mark 01,Mark 22,VEV_6500,XIRECS,0.0,5,2,0,1,0.5,0.0,0.0,0.0,1.0,False,True,tight_le2,17,5272.5,3.0
189100,Mark 01,Mark 22,VEV_5300,XIRECS,47.0,4,2,47,49,48.0,0.0,0.5,1.0,2.0,False,True,tight_le2,18,5259.0,2.0
189100,Mark 01,Mark 22,VEV_5400,XIRECS,14.0,4,2,14,15,14.5,0.5,0.5,1.0,1.0,False,True,tight_le2,18,5259.0,2.0
189100,Mark 01,Mark 22,VEV_5500,XIRECS,6.0,4,2,6,7,6.5,0.0,0.0,0.0,1.0,False,True,tight_le2,18,5259.0,2.0
189100,Mark 01,Mark 22,VEV_6000,XIRECS,0.0,4,2,0,1,0.5,0.0,0.0,0.0,1.0,False,True,tight_le2,18,5259.0,2.0
189100,Mark 01,Mark 22,VEV_6500,XIRECS,0.0,4,2,0,1,0.5,0.0,0.0,0.0,1.0,False,True,tight_le2,18,5259.0,2.0
190900,Mark 38,Mark 14,VEV_4000,XIRECS,1270.0,1,2,1249,1270,1259.5,1.0,5.0,0.5,21.0,True,False,wide,19,5259.5,5.0
192700,Mark 14,Mark 38,VEV_4000,XIRECS,1253.0,2,2,1253,1275,1264.0,-2.5,-1.5,-2.5,22.0,False,True,wide,19,5264.0,-3.0
195200,Mark 38,Mark 14,VEV_4000,XIRECS,1270.0,2,2,1249,1270,1259.5,4.0,2.0,5.0,21.0,True,False,wide,19,5259.5,2.0
196800,Mark 14,Mark 38,VEV_4000,XIRECS,1253.0,2,2,1253,1274,1263.5,-0.5,1.0,5.5,21.0,False,True,wide,19,5263.5,1.0
200400,Mark 14,Mark 38,VEV_4000,XIRECS,1252.0,1,2,1252,1273,1262.5,-2.5,-2.0,1.0,21.0,False,True,wide,20,5262.5,-2.0
201500,Mark 14,Mark 38,VEV_4000,XIRECS,1248.0,1,2,1248,1269,1258.5,-1.0,2.0,7.5,21.0,False,True,wide,20,5258.5,1.5
202300,Mark 14,Mark 38,VEV_4000,XIRECS,1249.0,1,2,1249,1270,1259.5,1.0,-1.0,7.5,21.0,False,True,wide,20,5260.5,-2.0
204400,Mark 01,Mark 22,VEV_5300,XIRECS,47.0,5,2,47,49,48.0,1.0,2.5,3.0,2.0,False,True,tight_le2,20,5260.5,6.0
204400,Mark 01,Mark 22,VEV_5400,XIRECS,14.0,5,2,14,16,15.0,0.5,1.5,1.5,2.0,False,True,tight_le2,20,5260.5,6.0
204400,Mark 01,Mark 22,VEV_5500,XIRECS,6.0,5,2,6,7,6.5,0.0,0.0,0.0,1.0,False,True,tight_le2,20,5260.5,6.0
204400,Mark 01,Mark 22,VEV_6000,XIRECS,0.0,5,2,0,1,0.5,0.0,0.0,0.0,1.0,False,True,tight_le2,20,5260.5,6.0
204400,Mark 01,Mark 22,VEV_6500,XIRECS,0.0,5,2,0,1,0.5,0.0,0.0,0.0,1.0,False,True,tight_le2,20,5260.5,6.0
212100,Mark 14,Mark 38,VEV_4000,XIRECS,1257.0,2,2,1257,1279,1268.0,-1.0,0.5,-9.5,22.0,False,True,wide,21,5268.0,0.5
225500,Mark 14,Mark 22,VEV_5300,XIRECS,50.0,5,2,50,52,51.0,-2.0,-2.0,2.0,2.0,False,True,tight_le2,22,5267.5,-4.0
225500,Mark 01,Mark 22,VEV_5400,XIRECS,16.0,5,2,16,17,16.5,-0.5,-1.0,1.5,1.0,False,True,tight_le2,22,5267.5,-4.0
225500,Mark 01,Mark 22,VEV_5500,XIRECS,6.0,5,2,6,7,6.5,0.0,0.0,1.0,1.0,False,True,tight_le2,22,5267.5,-4.0
225500,Mark 01,Mark 22,VEV_6000,XIRECS,0.0,5,2,0,1,0.5,0.0,0.0,0.0,1.0,False,True,tight_le2,22,5267.5,-4.0
225500,Mark 01,Mark 22,VEV_6500,XIRECS,0.0,5,2,0,1,0.5,0.0,0.0,0.0,1.0,False,True,tight_le2,22,5267.5,-4.0
231900,Mark 38,Mark 14,VEV_4000,XIRECS,1275.0,2,2,1254,1275,1264.5,-2.5,1.0,10.5,21.0,True,False,wide,23,5264.5,1.0
239400,Mark 01,Mark 22,VEV_5400,XIRECS,15.0,2,2,15,16,15.5,1.0,2.5,3.0,1.0,False,True,tight_le2,23,5261.5,11.0
239400,Mark 01,Mark 22,VEV_5500,XIRECS,6.0,2,2,6,7,6.5,0.0,1.0,1.0,1.0,False,True,tight_le2,23,5261.5,11.0
239400,Mark 01,Mark 22,VEV_6000,XIRECS,0.0,2,2,0,1,0.5,0.0,0.0,0.0,1.0,False,True,tight_le2,23,5261.5,11.0
239400,Mark 01,Mark 22,VEV_6500,XIRECS,0.0,2,2,0,1,0.5,0.0,0.0,0.0,1.0,False,True,tight_le2,23,5261.5,11.0
249400,Mark 38,Mark 14,VEV_4000,XIRECS,1286.0,3,2,1265,1286,1275.5,3.0,-1.0,0.5,21.0,True,False,wide,0,5276.5,-2.0
249800,Mark 14,Mark 38,VEV_4000,XIRECS,1267.0,2,2,1267,1289,1278.0,-1.5,-4.5,-1.5,22.0,False,True,wide,0,5278.5,-5.0
253000,Mark 01,Mark 22,VEV_5400,XIRECS,16.0,3,2,16,17,16.5,0.0,0.0,3.0,1.0,False,True,tight_le2,1,5267.5,-2.0
253000,Mark 01,Mark 22,VEV_5500,XIRECS,6.0,3,2,6,8,7.0,-0.5,-0.5,1.0,2.0,False,True,tight_le2,1,5267.5,-2.0
253000,Mark 01,Mark 22,VEV_6000,XIRECS,0.0,3,2,0,1,0.5,0.0,0.0,0.0,1.0,False,True,tight_le2,1,5267.5,-2.0
253000,Mark 01,Mark 22,VEV_6500,XIRECS,0.0,3,2,0,1,0.5,0.0,0.0,0.0,1.0,False,True,tight_le2,1,5267.5,-2.0
266800,Mark 14,Mark 38,VEV_4000,XIRECS,1275.0,1,2,1275,1296,1285.5,0.0,-2.5,-12.5,21.0,False,True,wide,2,5285.5,-2.5
268900,Mark 01,Mark 22,VEV_5400,XIRECS,19.0,4,2,19,20,19.5,-0.5,-1.0,-2.0,1.0,False,True,tight_le2,2,5280.5,-2.5
268900,Mark 01,Mark 22,VEV_5500,XIRECS,8.0,4,2,8,9,8.5,-0.5,-0.5,-1.0,1.0,False,True,tight_le2,2,5280.5,-2.5
268900,Mark 01,Mark 22,VEV_6000,XIRECS,0.0,4,2,0,1,0.5,0.0,0.0,0.0,1.0,False,True,tight_le2,2,5280.5,-2.5
268900,Mark 01,Mark 22,VEV_6500,XIRECS,0.0,4,2,0,1,0.5,0.0,0.0,0.0,1.0,False,True,tight_le2,2,5280.5,-2.5
269700,Mark 38,Mark 14,VEV_4000,XIRECS,1288.0,1,2,1267,1288,1277.5,2.0,3.0,-8.5,21.0,True,False,wide,2,5277.5,3.0
270500,Mark 38,Mark 14,VEV_4000,XIRECS,1291.0,1,2,1270,1291,1280.5,-3.5,-2.0,-7.5,21.0,True,False,wide,3,5280.5,-2.0
272000,Mark 01,Mark 22,VEV_5500,XIRECS,8.0,3,2,8,9,8.5,-0.5,-0.5,-1.5,1.0,False,True,tight_le2,3,5279.5,0.0
272000,Mark 01,Mark 22,VEV_6000,XIRECS,0.0,3,2,0,1,0.5,0.0,0.0,0.0,1.0,False,True,tight_le2,3,5279.5,0.0
272000,Mark 01,Mark 22,VEV_6500,XIRECS,0.0,3,2,0,1,0.5,0.0,0.0,0.0,1.0,False,True,tight_le2,3,5279.5,0.0
272900,Mark 38,Mark 14,VEV_4000,XIRECS,1290.0,3,2,1269,1290,1279.5,-0.5,-3.5,-11.0,21.0,True,False,wide,3,5279.5,-3.0
275200,Mark 01,Mark 22,VEV_5400,XIRECS,18.0,5,2,18,19,18.5,-1.0,-1.0,-1.0,1.0,False,True,tight_le2,3,5276.5,-5.0
275200,Mark 01,Mark 22,VEV_5500,XIRECS,7.0,5,2,7,8,7.5,0.0,0.0,0.0,1.0,False,True,tight_le2,3,5276.5,-5.0
275200,Mark 01,Mark 22,VEV_6000,XIRECS,0.0,5,2,0,1,0.5,0.0,0.0,0.0,1.0,False,True,tight_le2,3,5276.5,-5.0
275200,Mark 01,Mark 22,VEV_6500,XIRECS,0.0,5,2,0,1,0.5,0.0,0.0,0.0,1.0,False,True,tight_le2,3,5276.5,-5.0
277900,Mark 14,Mark 38,VEV_4000,XIRECS,1259.0,3,2,1259,1280,1269.5,-2.0,-1.0,7.0,21.0,False,True,wide,3,5269.5,-1.0
281100,Mark 38,Mark 14,VEV_4000,XIRECS,1278.0,1,2,1257,1278,1267.5,1.0,4.5,4.0,21.0,True,False,wide,4,5267.5,4.0
286900,Mark 14,Mark 38,VEV_4000,XIRECS,1266.0,3,2,1266,1287,1276.5,1.5,-3.0,-6.5,21.0,False,True,wide,4,5276.5,-3.0
287100,Mark 01,Mark 22,VEV_5400,XIRECS,18.0,2,2,18,19,18.5,0.0,-1.0,-2.0,1.0,False,True,tight_le2,4,5276.5,-3.0
287100,Mark 01,Mark 22,VEV_5500,XIRECS,7.0,2,2,7,9,8.0,0.0,-0.5,-0.5,2.0,False,True,tight_le2,4,5276.5,-3.0
287100,Mark 01,Mark 22,VEV_6000,XIRECS,0.0,2,2,0,1,0.5,0.0,0.0,0.0,1.0,False,True,tight_le2,4,5276.5,-3.0
287100,Mark 01,Mark 22,VEV_6500,XIRECS,0.0,2,2,0,1,0.5,0.0,0.0,0.0,1.0,False,True,tight_le2,4,5276.5,-3.0
287600,Mark 01,Mark 22,VEV_5400,XIRECS,18.0,2,2,18,19,18.5,0.0,-0.5,-2.0,1.0,False,True,tight_le2,4,5277.5,-1.5
287600,Mark 01,Mark 22,VEV_5500,XIRECS,7.0,2,2,7,9,8.0,-0.5,-0.5,-0.5,2.0,False,True,tight_le2,4,5277.5,-1.5
287600,Mark 01,Mark 22,VEV_6000,XIRECS,0.0,2,2,0,1,0.5,0.0,0.0,0.0,1.0,False,True,tight_le2,4,5277.5,-1.5
287600,Mark 01,Mark 22,VEV_6500,XIRECS,0.0,2,2,0,1,0.5,0.0,0.0,0.0,1.0,False,True,tight_le2,4,5277.5,-1.5
289300,Mark 14,Mark 22,VEV_5300,XIRECS,52.0,2,2,52,54,53.0,0.0,-1.0,0.0,2.0,False,True,tight_le2,4,5273.5,-1.0
289300,Mark 01,Mark 22,VEV_5400,XIRECS,17.0,2,2,17,18,17.5,0.5,0.0,0.0,1.0,False,True,tight_le2,4,5273.5,-1.0
289300,Mark 01,Mark 22,VEV_5500,XIRECS,7.0,2,2,7,8,7.5,0.0,0.0,0.0,1.0,False,True,tight_le2,4,5273.5,-1.0
289300,Mark 01,Mark 22,VEV_6000,XIRECS,0.0,2,2,0,1,0.5,0.0,0.0,0.0,1.0,False,True,tight_le2,4,5273.5,-1.0
289300,Mark 01,Mark 22,VEV_6500,XIRECS,0.0,2,2,0,1,0.5,0.0,0.0,0.0,1.0,False,True,tight_le2,4,5273.5,-1.0
293600,Mark 14,Mark 38,VEV_4000,XIRECS,1260.0,2,2,1260,1282,1271.0,-2.0,-1.5,-3.0,22.0,False,True,wide,5,5271.0,-1.5
294600,Mark 01,Mark 22,VEV_5400,XIRECS,16.0,2,2,16,17,16.5,1.0,1.0,0.0,1.0,False,True,tight_le2,5,5268.0,4.5
294600,Mark 14,Mark 22,VEV_5500,XIRECS,7.0,2,2,7,8,7.5,0.0,0.0,0.0,1.0,False,True,tight_le2,5,5268.0,4.5
294600,Mark 01,Mark 22,VEV_6000,XIRECS,0.0,2,2,0,1,0.5,0.0,0.0,0.0,1.0,False,True,tight_le2,5,5268.0,4.5
294600,Mark 01,Mark 22,VEV_6500,XIRECS,0.0,2,2,0,1,0.5,0.0,0.0,0.0,1.0,False,True,tight_le2,5,5268.0,4.5
301700,Mark 14,Mark 38,VEV_4000,XIRECS,1256.0,2,2,1256,1277,1266.5,-2.0,2.0,3.5,21.0,False,True,wide,6,5265.0,2.0
303100,Mark 14,Mark 38,VEV_4000,XIRECS,1256.0,1,2,1256,1277,1266.5,1.5,1.0,5.0,21.0,False,True,wide,6,5266.5,1.0
307600,Mark 38,Mark 14,VEV_4000,XIRECS,1281.0,2,2,1259,1281,1270.0,0.5,3.5,4.0,22.0,True,False,wide,6,5270.0,3.5
316700,Mark 01,Mark 22,VEV_5400,XIRECS,17.0,3,2,17,19,18.0,0.0,-1.5,-3.0,2.0,False,True,tight_le2,7,5275.5,-6.0
316700,Mark 01,Mark 22,VEV_5500,XIRECS,7.0,3,2,7,8,7.5,0.0,0.0,-1.0,1.0,False,True,tight_le2,7,5275.5,-6.0
316700,Mark 01,Mark 22,VEV_6000,XIRECS,0.0,3,2,0,1,0.5,0.0,0.0,0.0,1.0,False,True,tight_le2,7,5275.5,-6.0
316700,Mark 01,Mark 22,VEV_6500,XIRECS,0.0,3,2,0,1,0.5,0.0,0.0,0.0,1.0,False,True,tight_le2,7,5275.5,-6.0
317500,Mark 01,Mark 22,VEV_5400,XIRECS,17.0,3,2,17,18,17.5,0.0,0.5,-2.5,1.0,False,True,tight_le2,7,5275.5,0.0
317500,Mark 01,Mark 22,VEV_5500,XIRECS,7.0,3,2,7,8,7.5,0.0,0.0,-1.0,1.0,False,True,tight_le2,7,5275.5,0.0
317500,Mark 01,Mark 22,VEV_6000,XIRECS,0.0,3,2,0,1,0.5,0.0,0.0,0.0,1.0,False,True,tight_le2,7,5275.5,0.0
317500,Mark 01,Mark 22,VEV_6500,XIRECS,0.0,3,2,0,1,0.5,0.0,0.0,0.0,1.0,False,True,tight_le2,7,5275.5,0.0
318100,Mark 38,Mark 14,VEV_4000,XIRECS,1284.0,1,2,1263,1284,1273.5,-4.0,4.5,-4.5,21.0,True,False,wide,7,5273.5,5.0
320800,Mark 01,Mark 22,VEV_5300,XIRECS,52.0,5,2,52,54,53.0,-1.0,0.0,-5.0,2.0,False,True,tight_le2,8,5274.5,1.0
320800,Mark 01,Mark 22,VEV_5400,XIRECS,17.0,5,2,17,18,17.5,-0.5,0.0,-2.0,1.0,False,True,tight_le2,8,5274.5,1.0
320800,Mark 01,Mark 22,VEV_5500,XIRECS,7.0,5,2,7,8,7.5,0.0,0.0,-1.0,1.0,False,True,tight_le2,8,5274.5,1.0
320800,Mark 01,Mark 22,VEV_6000,XIRECS,0.0,5,2,0,1,0.5,0.0,0.0,0.0,1.0,False,True,tight_le2,8,5274.5,1.0
320800,Mark 01,Mark 22,VEV_6500,XIRECS,0.0,5,2,0,1,0.5,0.0,0.0,0.0,1.0,False,True,tight_le2,8,5274.5,1.0
321600,Mark 01,Mark 22,VEV_5300,XIRECS,50.0,4,2,50,52,51.0,0.5,0.0,-1.0,2.0,False,True,tight_le2,8,5270.5,-0.5
321600,Mark 01,Mark 22,VEV_5400,XIRECS,16.0,4,2,16,17,16.5,0.5,0.0,0.0,1.0,False,True,tight_le2,8,5270.5,-0.5
321600,Mark 01,Mark 22,VEV_5500,XIRECS,7.0,4,2,7,8,7.5,0.0,0.0,0.0,1.0,False,True,tight_le2,8,5270.5,-0.5
321600,Mark 01,Mark 22,VEV_6000,XIRECS,0.0,4,2,0,1,0.5,0.0,0.0,0.0,1.0,False,True,tight_le2,8,5270.5,-0.5
321600,Mark 01,Mark 22,VEV_6500,XIRECS,0.0,4,2,0,1,0.5,0.0,0.0,0.0,1.0,False,True,tight_le2,8,5270.5,-0.5
322300,Mark 38,Mark 14,VEV_4000,XIRECS,1282.0,2,2,1261,1282,1271.5,4.0,-3.0,-1.5,21.0,True,False,wide,8,5272.5,-4.0
328700,Mark 14,Mark 38,VEV_4000,XIRECS,1255.0,3,2,1255,1276,1265.5,-2.0,-3.0,3.5,21.0,False,True,wide,8,5265.5,-3.0
340500,Mark 14,Mark 38,VEV_4000,XIRECS,1257.0,3,2,1257,1278,1267.5,2.0,3.0,-3.0,21.0,False,True,wide,10,5267.5,3.0
341400,Mark 01,Mark 22,VEV_5400,XIRECS,16.0,4,2,16,17,16.5,0.0,1.0,-2.0,1.0,False,True,tight_le2,10,5270.5,2.0
341400,Mark 14,Mark 22,VEV_5500,XIRECS,7.0,4,2,7,8,7.5,-1.0,0.0,-1.5,1.0,False,True,tight_le2,10,5270.5,2.0
341400,Mark 01,Mark 22,VEV_6000,XIRECS,0.0,4,2,0,1,0.5,0.0,0.0,0.0,1.0,False,True,tight_le2,10,5270.5,2.0
341400,Mark 01,Mark 22,VEV_6500,XIRECS,0.0,4,2,0,1,0.5,0.0,0.0,0.0,1.0,False,True,tight_le2,10,5270.5,2.0
347800,Mark 01,Mark 22,VEV_5400,XIRECS,15.0,4,2,15,16,15.5,1.0,0.0,0.5,1.0,False,True,tight_le2,10,5265.0,-0.5
347800,Mark 01,Mark 22,VEV_5500,XIRECS,6.0,4,2,6,7,6.5,0.0,0.0,0.0,1.0,False,True,tight_le2,10,5265.0,-0.5
347800,Mark 01,Mark 22,VEV_6000,XIRECS,0.0,4,2,0,1,0.5,0.0,0.0,0.0,1.0,False,True,tight_le2,10,5265.0,-0.5
347800,Mark 01,Mark 22,VEV_6500,XIRECS,0.0,4,2,0,1,0.5,0.0,0.0,0.0,1.0,False,True,tight_le2,10,5265.0,-0.5
350700,Mark 14,Mark 22,VEV_5300,XIRECS,47.0,4,2,47,49,48.0,-3.0,-3.0,1.0,2.0,False,True,tight_le2,11,5263.0,-7.5
350700,Mark 01,Mark 22,VEV_5400,XIRECS,15.0,4,2,15,16,15.5,-1.5,-1.5,0.0,1.0,False,True,tight_le2,11,5263.0,-7.5
350700,Mark 01,Mark 22,VEV_5500,XIRECS,6.0,4,2,6,7,6.5,-1.0,-1.0,0.0,1.0,False,True,tight_le2,11,5263.0,-7.5
350700,Mark 01,Mark 22,VEV_6000,XIRECS,0.0,4,2,0,1,0.5,0.0,0.0,0.0,1.0,False,True,tight_le2,11,5263.0,-7.5
350700,Mark 01,Mark 22,VEV_6500,XIRECS,0.0,4,2,0,1,0.5,0.0,0.0,0.0,1.0,False,True,tight_le2,11,5263.0,-7.5
358500,Mark 01,Mark 22,VEV_5300,XIRECS,47.0,2,2,47,49,48.0,0.0,1.0,-2.0,2.0,False,True,tight_le2,11,5263.0,3.5
358500,Mark 01,Mark 22,VEV_5400,XIRECS,15.0,2,2,15,16,15.5,0.0,0.0,-1.0,1.0,False,True,tight_le2,11,5263.0,3.5
358500,Mark 01,Mark 22,VEV_5500,XIRECS,6.0,2,2,6,7,6.5,0.0,0.0,-1.0,1.0,False,True,tight_le2,11,5263.0,3.5
358500,Mark 01,Mark 22,VEV_6000,XIRECS,0.0,2,2,0,1,0.5,0.0,0.0,0.0,1.0,False,True,tight_le2,11,5263.0,3.5
358500,Mark 01,Mark 22,VEV_6500,XIRECS,0.0,2,2,0,1,0.5,0.0,0.0,0.0,1.0,False,True,tight_le2,11,5263.0,3.5
362600,Mark 01,Mark 22,VEV_5300,XIRECS,47.0,5,2,47,49,48.0,0.0,-2.0,-4.0,2.0,False,True,tight_le2,12,5262.5,-4.0
362600,Mark 01,Mark 22,VEV_5500,XIRECS,6.0,5,2,6,7,6.5,0.0,-1.0,-1.0,1.0,False,True,tight_le2,12,5262.5,-4.0
362600,Mark 01,Mark 22,VEV_6000,XIRECS,0.0,5,2,0,1,0.5,0.0,0.0,0.0,1.0,False,True,tight_le2,12,5262.5,-4.0
362600,Mark 01,Mark 22,VEV_6500,XIRECS,0.0,5,2,0,1,0.5,0.0,0.0,0.0,1.0,False,True,tight_le2,12,5262.5,-4.0
363300,Mark 38,Mark 14,VEV_4000,XIRECS,1272.0,1,2,1251,1272,1261.5,-2.5,-2.5,-9.0,21.0,True,False,wide,12,5261.5,-2.5
365600,Mark 01,Mark 22,VEV_5300,XIRECS,45.0,4,2,45,47,46.0,0.0,1.0,-2.0,2.0,False,True,tight_le2,12,5258.5,2.0
365600,Mark 01,Mark 22,VEV_5400,XIRECS,14.0,4,2,14,15,14.5,-0.5,0.0,-1.0,1.0,False,True,tight_le2,12,5258.5,2.0
365600,Mark 01,Mark 22,VEV_5500,XIRECS,5.0,4,2,5,6,5.5,0.0,0.5,0.0,1.0,False,True,tight_le2,12,5258.5,2.0
365600,Mark 01,Mark 22,VEV_6000,XIRECS,0.0,4,2,0,1,0.5,0.0,0.0,0.0,1.0,False,True,tight_le2,12,5258.5,2.0
365600,Mark 01,Mark 22,VEV_6500,XIRECS,0.0,4,2,0,1,0.5,0.0,0.0,0.0,1.0,False,True,tight_le2,12,5258.5,2.0
368200,Mark 38,Mark 14,VEV_4000,XIRECS,1270.0,2,2,1249,1270,1259.5,-1.0,-9.0,-10.0,21.0,True,False,wide,12,5259.5,-9.0
370600,Mark 38,Mark 14,VEV_4000,XIRECS,1261.0,3,2,1240,1261,1250.5,0.0,3.5,1.0,21.0,True,False,wide,13,5250.5,3.5
370700,Mark 14,Mark 38,VEV_4000,XIRECS,1241.0,2,2,1241,1262,1251.5,-1.0,2.0,3.0,21.0,False,True,wide,13,5251.5,2.0
372300,Mark 38,Mark 14,VEV_4000,XIRECS,1264.0,2,2,1243,1264,1253.5,2.0,-1.0,-3.0,21.0,True,False,wide,13,5253.0,-0.5
373800,Mark 01,Mark 22,VEV_5500,XIRECS,5.0,4,2,5,6,5.5,0.0,0.0,0.0,1.0,False,True,tight_le2,13,5251.0,3.0
373800,Mark 01,Mark 22,VEV_6000,XIRECS,0.0,4,2,0,1,0.5,0.0,0.0,0.0,1.0,False,True,tight_le2,13,5251.0,3.0
373800,Mark 01,Mark 22,VEV_6500,XIRECS,0.0,4,2,0,1,0.5,0.0,0.0,0.0,1.0,False,True,tight_le2,13,5251.0,3.0
376300,Mark 01,Mark 22,VEV_5400,XIRECS,13.0,5,2,13,14,13.5,0.0,-1.0,-2.0,1.0,False,True,tight_le2,13,5254.5,-5.0
376300,Mark 01,Mark 22,VEV_5500,XIRECS,5.0,5,2,5,6,5.5,0.0,0.0,-1.0,1.0,False,True,tight_le2,13,5254.5,-5.0
376300,Mark 01,Mark 22,VEV_6000,XIRECS,0.0,5,2,0,1,0.5,0.0,0.0,0.0,1.0,False,True,tight_le2,13,5254.5,-5.0
376300,Mark 01,Mark 22,VEV_6500,XIRECS,0.0,5,2,0,1,0.5,0.0,0.0,0.0,1.0,False,True,tight_le2,13,5254.5,-5.0
389000,Mark 01,Mark 22,VEV_5300,XIRECS,38.0,2,2,38,40,39.0,-0.5,0.0,-2.0,2.0,False,True,tight_le2,14,5239.0,2.0
389000,Mark 01,Mark 22,VEV_5400,XIRECS,11.0,2,2,11,12,11.5,0.0,0.0,-1.0,1.0,False,True,tight_le2,14,5239.0,2.0
389000,Mark 01,Mark 22,VEV_5500,XIRECS,4.0,2,2,4,5,4.5,0.0,0.0,0.0,1.0,False,True,tight_le2,14,5239.0,2.0
389000,Mark 01,Mark 22,VEV_6000,XIRECS,0.0,2,2,0,1,0.5,0.0,0.0,0.0,1.0,False,True,tight_le2,14,5239.0,2.0
389000,Mark 01,Mark 22,VEV_6500,XIRECS,0.0,2,2,0,1,0.5,0.0,0.0,0.0,1.0,False,True,tight_le2,14,5239.0,2.0
389600,Mark 38,Mark 14,VEV_4000,XIRECS,1249.0,3,2,1228,1249,1238.5,1.0,6.0,-1.0,21.0,True,False,wide,14,5239.5,5.0
390200,Mark 14,Mark 38,VEV_4000,XIRECS,1229.0,1,2,1229,1250,1239.5,2.0,5.0,-4.5,21.0,False,True,wide,15,5239.5,5.0
390300,Mark 01,Mark 22,VEV_5300,XIRECS,38.0,3,2,38,40,39.0,1.0,2.0,-2.0,2.0,False,True,tight_le2,15,5239.5,6.0
390300,Mark 01,Mark 22,VEV_5400,XIRECS,11.0,3,2,11,12,11.5,0.0,1.0,-1.0,1.0,False,True,tight_le2,15,5239.5,6.0
390300,Mark 01,Mark 22,VEV_5500,XIRECS,4.0,3,2,4,5,4.5,0.0,0.0,0.0,1.0,False,True,tight_le2,15,5239.5,6.0
390300,Mark 01,Mark 22,VEV_6000,XIRECS,0.0,3,2,0,1,0.5,0.0,0.0,0.0,1.0,False,True,tight_le2,15,5239.5,6.0
390300,Mark 01,Mark 22,VEV_6500,XIRECS,0.0,3,2,0,1,0.5,0.0,0.0,0.0,1.0,False,True,tight_le2,15,5239.5,6.0
397300,Mark 14,Mark 38,VEV_4000,XIRECS,1226.0,2,2,1226,1246,1236.0,-3.0,-1.5,-11.0,20.0,False,True,wide,15,5237.5,-3.0
398200,Mark 01,Mark 22,VEV_5400,XIRECS,10.0,2,2,10,11,10.5,0.0,0.0,-1.0,1.0,False,True,tight_le2,15,5234.0,1.0
398200,Mark 01,Mark 22,VEV_5500,XIRECS,4.0,2,2,4,5,4.5,-1.0,0.0,-1.0,1.0,False,True,tight_le2,15,5234.0,1.0
398200,Mark 01,Mark 22,VEV_6000,XIRECS,0.0,2,2,0,1,0.5,0.0,0.0,0.0,1.0,False,True,tight_le2,15,5234.0,1.0
398200,Mark 01,Mark 22,VEV_6500,XIRECS,0.0,2,2,0,1,0.5,0.0,0.0,0.0,1.0,False,True,tight_le2,15,5234.0,1.0
406300,Mark 14,Mark 38,VEV_4000,XIRECS,1220.0,2,2,1220,1241,1230.5,-4.0,-3.0,4.5,21.0,False,True,wide,16,5230.5,-3.0
410200,Mark 01,Mark 22,VEV_5400,XIRECS,9.0,5,2,9,10,9.5,0.0,0.0,1.0,1.0,False,True,tight_le2,17,5228.5,-5.0
410200,Mark 01,Mark 22,VEV_5500,XIRECS,3.0,5,2,3,4,3.5,0.0,0.0,1.0,1.0,False,True,tight_le2,17,5228.5,-5.0
410200,Mark 01,Mark 22,VEV_6000,XIRECS,0.0,5,2,0,1,0.5,0.0,0.0,0.0,1.0,False,True,tight_le2,17,5228.5,-5.0
410200,Mark 01,Mark 22,VEV_6500,XIRECS,0.0,5,2,0,1,0.5,0.0,0.0,0.0,1.0,False,True,tight_le2,17,5228.5,-5.0
414900,Mark 14,Mark 22,VEV_5200,XIRECS,76.0,3,2,76,78,77.0,-0.5,5.0,3.5,2.0,False,True,tight_le2,17,5226.5,9.0
414900,Mark 01,Mark 22,VEV_5300,XIRECS,34.0,3,2,34,36,35.0,0.0,3.0,2.0,2.0,False,True,tight_le2,17,5226.5,9.0
414900,Mark 01,Mark 22,VEV_5400,XIRECS,9.0,3,2,9,10,9.5,0.0,1.5,1.0,1.0,False,True,tight_le2,17,5226.5,9.0
414900,Mark 01,Mark 22,VEV_5500,XIRECS,3.0,3,2,3,4,3.5,0.0,1.0,1.0,1.0,False,True,tight_le2,17,5226.5,9.0
414900,Mark 01,Mark 22,VEV_6000,XIRECS,0.0,3,2,0,1,0.5,0.0,0.0,0.0,1.0,False,True,tight_le2,17,5226.5,9.0
414900,Mark 01,Mark 22,VEV_6500,XIRECS,0.0,3,2,0,1,0.5,0.0,0.0,0.0,1.0,False,True,tight_le2,17,5226.5,9.0
415500,Mark 01,Mark 22,VEV_5400,XIRECS,9.0,4,2,9,11,10.0,0.0,0.5,1.5,2.0,False,True,tight_le2,17,5228.5,5.0
415500,Mark 01,Mark 22,VEV_5500,XIRECS,3.0,4,2,3,4,3.5,0.0,1.0,1.0,1.0,False,True,tight_le2,17,5228.5,5.0
415500,Mark 01,Mark 22,VEV_6000,XIRECS,0.0,4,2,0,1,0.5,0.0,0.0,0.0,1.0,False,True,tight_le2,17,5228.5,5.0
415500,Mark 01,Mark 22,VEV_6500,XIRECS,0.0,4,2,0,1,0.5,0.0,0.0,0.0,1.0,False,True,tight_le2,17,5228.5,5.0
419300,Mark 14,Mark 38,VEV_4000,XIRECS,1221.0,1,2,1221,1242,1231.5,1.0,-1.5,3.0,21.0,False,True,wide,17,5231.5,-1.5
423800,Mark 14,Mark 22,VEV_5200,XIRECS,79.0,5,2,79,81,80.0,0.5,2.5,3.5,2.0,False,True,tight_le2,18,5232.5,5.0
423800,Mark 01,Mark 22,VEV_5300,XIRECS,36.0,5,2,36,38,37.0,0.0,1.0,2.0,2.0,False,True,tight_le2,18,5232.5,5.0
423800,Mark 01,Mark 22,VEV_5400,XIRECS,10.0,5,2,10,11,10.5,0.0,0.5,1.0,1.0,False,True,tight_le2,18,5232.5,5.0
423800,Mark 14,Mark 22,VEV_5500,XIRECS,4.0,5,2,4,5,4.5,0.0,0.0,0.0,1.0,False,True,tight_le2,18,5232.5,5.0
423800,Mark 01,Mark 22,VEV_6000,XIRECS,0.0,5,2,0,1,0.5,0.0,0.0,0.0,1.0,False,True,tight_le2,18,5232.5,5.0
423800,Mark 01,Mark 22,VEV_6500,XIRECS,0.0,5,2,0,1,0.5,0.0,0.0,0.0,1.0,False,True,tight_le2,18,5232.5,5.0
424400,Mark 38,Mark 14,VEV_4000,XIRECS,1244.0,2,2,1223,1244,1233.5,0.0,1.0,6.0,21.0,True,False,wide,18,5232.0,2.5
428400,Mark 38,Mark 14,VEV_4000,XIRECS,1248.0,1,2,1227,1248,1237.5,-3.0,1.0,3.0,21.0,True,False,wide,18,5237.5,1.0
433100,Mark 14,Mark 22,VEV_5200,XIRECS,83.0,2,2,83,85,84.0,-0.5,-0.5,-3.0,2.0,False,True,tight_le2,19,5239.0,-1.5
433100,Mark 01,Mark 22,VEV_5300,XIRECS,38.0,2,2,38,40,39.0,0.0,-1.0,-2.0,2.0,False,True,tight_le2,19,5239.0,-1.5
433100,Mark 01,Mark 22,VEV_5400,XIRECS,11.0,2,2,11,12,11.5,0.0,0.0,-1.0,1.0,False,True,tight_le2,19,5239.0,-1.5
433100,Mark 01,Mark 22,VEV_5500,XIRECS,4.0,2,2,4,5,4.5,0.0,0.0,-1.0,1.0,False,True,tight_le2,19,5239.0,-1.5
433100,Mark 01,Mark 22,VEV_6000,XIRECS,0.0,2,2,0,1,0.5,0.0,0.0,0.0,1.0,False,True,tight_le2,19,5239.0,-1.5
433100,Mark 01,Mark 22,VEV_6500,XIRECS,0.0,2,2,0,1,0.5,0.0,0.0,0.0,1.0,False,True,tight_le2,19,5239.0,-1.5
438300,Mark 14,Mark 38,VEV_4000,XIRECS,1230.0,3,2,1230,1251,1240.5,0.0,-2.0,6.0,21.0,False,True,wide,19,5239.0,-0.5
438900,Mark 38,Mark 14,VEV_4000,XIRECS,1249.0,3,2,1228,1249,1238.5,0.0,-1.0,9.5,21.0,True,False,wide,19,5238.5,-1.0
443600,Mark 14,Mark 22,VEV_5200,XIRECS,82.0,4,2,82,84,83.0,0.5,7.0,0.5,2.0,False,True,tight_le2,20,5237.5,11.5
443600,Mark 01,Mark 22,VEV_5400,XIRECS,11.0,4,2,11,12,11.5,0.0,1.5,0.0,1.0,False,True,tight_le2,20,5237.5,11.5
443600,Mark 01,Mark 22,VEV_5500,XIRECS,4.0,4,2,4,5,4.5,0.0,0.0,0.0,1.0,False,True,tight_le2,20,5237.5,11.5
443600,Mark 01,Mark 22,VEV_6000,XIRECS,0.0,4,2,0,1,0.5,0.0,0.0,0.0,1.0,False,True,tight_le2,20,5237.5,11.5
443600,Mark 01,Mark 22,VEV_6500,XIRECS,0.0,4,2,0,1,0.5,0.0,0.0,0.0,1.0,False,True,tight_le2,20,5237.5,11.5
449500,Mark 14,Mark 38,VEV_4000,XIRECS,1238.0,2,2,1238,1259,1248.5,1.0,-9.0,-7.0,21.0,False,True,wide,20,5248.5,-9.0
454700,Mark 38,Mark 14,VEV_4000,XIRECS,1247.0,1,2,1226,1247,1236.5,1.0,1.5,2.0,21.0,True,False,wide,21,5236.5,1.5
456200,Mark 14,Mark 22,VEV_5200,XIRECS,82.0,2,2,82,84,83.0,0.0,1.5,-2.5,2.0,False,True,tight_le2,21,5237.5,3.0
456200,Mark 01,Mark 22,VEV_5400,XIRECS,11.0,2,2,11,12,11.5,0.0,0.0,-1.0,1.0,False,True,tight_le2,21,5237.5,3.0
456200,Mark 01,Mark 22,VEV_5500,XIRECS,4.0,2,2,4,5,4.5,0.0,0.0,-1.0,1.0,False,True,tight_le2,21,5237.5,3.0
456200,Mark 01,Mark 22,VEV_6000,XIRECS,0.0,2,2,0,1,0.5,0.0,0.0,0.0,1.0,False,True,tight_le2,21,5237.5,3.0
456200,Mark 01,Mark 22,VEV_6500,XIRECS,0.0,2,2,0,1,0.5,0.0,0.0,0.0,1.0,False,True,tight_le2,21,5237.5,3.0
461200,Mark 14,Mark 22,VEV_5300,XIRECS,37.0,3,2,37,38,37.5,0.5,1.0,-0.5,1.0,False,True,tight_le2,22,5235.5,4.5
461200,Mark 01,Mark 22,VEV_5400,XIRECS,10.0,3,2,10,12,11.0,0.5,0.5,-0.5,2.0,False,True,tight_le2,22,5235.5,4.5
461200,Mark 01,Mark 22,VEV_5500,XIRECS,3.0,3,2,3,4,3.5,1.0,1.0,0.0,1.0,False,True,tight_le2,22,5235.5,4.5
461200,Mark 01,Mark 22,VEV_6000,XIRECS,0.0,3,2,0,1,0.5,0.0,0.0,0.0,1.0,False,True,tight_le2,22,5235.5,4.5
461200,Mark 01,Mark 22,VEV_6500,XIRECS,0.0,3,2,0,1,0.5,0.0,0.0,0.0,1.0,False,True,tight_le2,22,5235.5,4.5
483400,Mark 14,Mark 22,VEV_5300,XIRECS,40.0,5,2,40,42,41.0,-1.0,-2.0,-2.5,2.0,False,True,tight_le2,0,5246.0,-3.5
483400,Mark 01,Mark 22,VEV_5400,XIRECS,12.0,5,2,12,13,12.5,0.0,-0.5,-1.0,1.0,False,True,tight_le2,0,5246.0,-3.5
483400,Mark 01,Mark 22,VEV_5500,XIRECS,4.0,5,2,4,5,4.5,0.0,0.0,0.0,1.0,False,True,tight_le2,0,5246.0,-3.5
483400,Mark 01,Mark 22,VEV_6000,XIRECS,0.0,5,2,0,1,0.5,0.0,0.0,0.0,1.0,False,True,tight_le2,0,5246.0,-3.5
483400,Mark 01,Mark 22,VEV_6500,XIRECS,0.0,5,2,0,1,0.5,0.0,0.0,0.0,1.0,False,True,tight_le2,0,5246.0,-3.5
488600,Mark 38,Mark 14,VEV_4000,XIRECS,1247.0,2,2,1226,1247,1236.5,0.0,4.0,8.0,21.0,True,False,wide,0,5236.5,2.5
490600,Mark 38,Mark 14,VEV_4000,XIRECS,1251.0,2,2,1230,1251,1240.5,1.0,0.0,7.0,21.0,True,False,wide,1,5239.0,1.5
495700,Mark 01,Mark 22,VEV_5400,XIRECS,11.0,5,2,11,13,12.0,0.5,0.0,-1.5,2.0,False,True,tight_le2,1,5242.5,0.5
495700,Mark 01,Mark 22,VEV_5500,XIRECS,4.0,5,2,4,5,4.5,0.0,0.0,-1.0,1.0,False,True,tight_le2,1,5242.5,0.5
495700,Mark 01,Mark 22,VEV_6000,XIRECS,0.0,5,2,0,1,0.5,0.0,0.0,0.0,1.0,False,True,tight_le2,1,5242.5,0.5
495700,Mark 01,Mark 22,VEV_6500,XIRECS,0.0,5,2,0,1,0.5,0.0,0.0,0.0,1.0,False,True,tight_le2,1,5242.5,0.5
499900,Mark 38,Mark 14,VEV_4000,XIRECS,1256.0,3,2,1235,1256,1245.5,3.0,-9.0,-11.0,21.0,True,False,wide,1,5245.5,-3.5
501900,Mark 01,Mark 22,VEV_5300,XIRECS,38.0,3,2,38,40,39.0,0.0,-2.0,-3.0,2.0,False,True,tight_le2,2,5242.0,-5.5
501900,Mark 01,Mark 22,VEV_5400,XIRECS,11.0,3,2,11,12,11.5,0.5,-0.5,-1.0,1.0,False,True,tight_le2,2,5242.0,-5.5
501900,Mark 01,Mark 22,VEV_5500,XIRECS,4.0,3,2,4,5,4.5,0.0,-1.0,-1.0,1.0,False,True,tight_le2,2,5242.0,-5.5
501900,Mark 01,Mark 22,VEV_6000,XIRECS,0.0,3,2,0,1,0.5,0.0,0.0,0.0,1.0,False,True,tight_le2,2,5242.0,-5.5
501900,Mark 01,Mark 22,VEV_6500,XIRECS,0.0,3,2,0,1,0.5,0.0,0.0,0.0,1.0,False,True,tight_le2,2,5242.0,-5.5
508800,Mark 01,Mark 22,VEV_5400,XIRECS,10.0,5,2,10,11,10.5,0.0,0.0,2.0,1.0,False,True,tight_le2,2,5235.5,-0.5
508800,Mark 01,Mark 22,VEV_5500,XIRECS,3.0,5,2,3,4,3.5,0.0,0.0,1.0,1.0,False,True,tight_le2,2,5235.5,-0.5
508800,Mark 01,Mark 22,VEV_6000,XIRECS,0.0,5,2,0,1,0.5,0.0,0.0,0.0,1.0,False,True,tight_le2,2,5235.5,-0.5
508800,Mark 01,Mark 22,VEV_6500,XIRECS,0.0,5,2,0,1,0.5,0.0,0.0,0.0,1.0,False,True,tight_le2,2,5235.5,-0.5
519600,Mark 14,Mark 22,VEV_5200,XIRECS,87.0,5,2,87,89,88.0,-0.5,-1.0,-0.5,2.0,False,True,tight_le2,3,5247.5,-2.0
519600,Mark 01,Mark 22,VEV_5300,XIRECS,40.0,5,2,40,42,41.0,-1.0,-1.0,-1.0,2.0,False,True,tight_le2,3,5247.5,-2.0
519600,Mark 01,Mark 22,VEV_5400,XIRECS,12.0,5,2,12,13,12.5,0.0,0.0,0.0,1.0,False,True,tight_le2,3,5247.5,-2.0
519600,Mark 01,Mark 22,VEV_5500,XIRECS,4.0,5,2,4,5,4.5,0.0,0.0,0.0,1.0,False,True,tight_le2,3,5247.5,-2.0
519600,Mark 01,Mark 22,VEV_6000,XIRECS,0.0,5,2,0,1,0.5,0.0,0.0,0.0,1.0,False,True,tight_le2,3,5247.5,-2.0
519600,Mark 01,Mark 22,VEV_6500,XIRECS,0.0,5,2,0,1,0.5,0.0,0.0,0.0,1.0,False,True,tight_le2,3,5247.5,-2.0
521000,Mark 38,Mark 14,VEV_4000,XIRECS,1257.0,1,2,1236,1257,1246.5,-1.0,2.0,0.0,21.0,True,False,wide,4,5246.5,3.0
536500,Mark 38,Mark 14,VEV_4000,XIRECS,1252.0,2,2,1232,1252,1242.0,3.5,1.5,-4.5,20.0,True,False,wide,5,5242.0,2.5
543900,Mark 14,Mark 38,VEV_4000,XIRECS,1231.0,1,2,1231,1252,1241.5,-1.0,-6.0,-2.0,21.0,False,True,wide,6,5241.5,-6.0
548600,Mark 01,Mark 22,VEV_5300,XIRECS,36.0,2,2,36,38,37.0,-0.5,0.0,-1.0,2.0,False,True,tight_le2,6,5238.0,-0.5
548600,Mark 01,Mark 22,VEV_6000,XIRECS,0.0,2,2,0,1,0.5,0.0,0.0,0.0,1.0,False,True,tight_le2,6,5238.0,-0.5
548600,Mark 01,Mark 22,VEV_6500,XIRECS,0.0,2,2,0,1,0.5,0.0,0.0,0.0,1.0,False,True,tight_le2,6,5238.0,-0.5
554600,Mark 14,Mark 22,VEV_5300,XIRECS,38.0,5,2,37,39,38.0,1.0,0.0,-2.0,2.0,False,False,tight_le2,7,5242.5,-1.0
554600,Mark 01,Mark 22,VEV_5400,XIRECS,11.0,5,2,11,12,11.5,0.5,0.0,-1.0,1.0,False,True,tight_le2,7,5242.5,-1.0
554600,Mark 01,Mark 22,VEV_5500,XIRECS,4.0,5,2,4,5,4.5,0.0,0.0,-0.5,1.0,False,True,tight_le2,7,5242.5,-1.0
554600,Mark 01,Mark 22,VEV_6000,XIRECS,0.0,5,2,0,1,0.5,0.0,0.0,0.0,1.0,False,True,tight_le2,7,5242.5,-1.0
554600,Mark 01,Mark 22,VEV_6500,XIRECS,0.0,5,2,0,1,0.5,0.0,0.0,0.0,1.0,False,True,tight_le2,7,5242.5,-1.0
555700,Mark 01,Mark 22,VEV_5400,XIRECS,11.0,3,2,11,12,11.5,0.0,-0.5,-1.0,1.0,False,True,tight_le2,7,5241.5,-3.0
555700,Mark 01,Mark 22,VEV_5500,XIRECS,4.0,3,2,4,5,4.5,0.0,0.0,-0.5,1.0,False,True,tight_le2,7,5241.5,-3.0
555700,Mark 01,Mark 22,VEV_6000,XIRECS,0.0,3,2,0,1,0.5,0.0,0.0,0.0,1.0,False,True,tight_le2,7,5241.5,-3.0
