day;timestamp;product;bid_price_1;bid_volume_1;bid_price_2;bid_volume_2;bid_price_3;bid_volume_3;ask_price_1;ask_volume_1;ask_price_2;ask_volume_2;ask_price_3;ask_volume_3;mid_price;profit_and_loss
39;0;VEV_4000;1257;15;1254;27;;;1278;15;1280;27;;;1267.5;0.0
39;100;VEV_4000;1255;12;1252;20;;;1276;12;1279;20;;;1265.5;-12.3603515625
39;200;VEV_4000;1255;10;1253;20;;;1276;10;1279;20;;;1265.5;-12.1624755859375
39;300;VEV_4000;1256;10;1253;18;;;1277;10;1279;18;;;1266.5;-11.7578125
39;400;VEV_4000;1254;8;1252;30;;;1275;8;1278;30;;;1264.5;-13.2825927734375
39;500;VEV_4000;1253;9;1250;20;;;1274;9;1276;20;;;1263.5;-14.79443359375
39;600;VEV_4000;1261;5;1251;9;1249;23;1273;9;1275;23;;;1267.0;-16.0550537109375
39;700;VEV_4000;1252;11;1249;18;;;1273;11;1276;18;;;1262.5;-15.468017578125
39;800;VEV_4000;1252;8;1250;28;;;1273;8;1276;28;;;1262.5;-15.2177734375
39;900;VEV_4000;1252;11;1250;24;;;1273;11;1276;24;;;1262.5;-15.1448974609375
39;1000;VEV_4000;1252;12;1250;30;;;1273;12;1276;30;;;1262.5;-15.22509765625
39;1100;VEV_4000;1253;9;1251;27;;;1274;9;1277;27;;;1263.5;-14.27978515625
39;1200;VEV_4000;1252;15;1249;20;;;1273;15;1275;20;;;1262.5;-15.661865234375
39;1300;VEV_4000;1251;13;1249;17;;;1273;13;1275;17;;;1262.0;-15.921875
39;1400;VEV_4000;1253;8;1251;23;;;1275;8;1277;23;;;1264.0;-13.94482421875
39;1500;VEV_4000;1254;8;1252;26;;;1275;8;1278;26;;;1264.5;-13.2476806640625
39;1600;VEV_4000;1254;13;1252;29;;;1275;13;1278;29;;;1264.5;-13.277587890625
39;1700;VEV_4000;1255;14;1253;29;;;1277;14;1279;29;;;1266.0;-11.984130859375
39;1800;VEV_4000;1255;13;1253;15;;;1276;13;1279;15;;;1265.5;-12.2415771484375
39;1900;VEV_4000;1256;15;1253;30;;;1277;15;1280;30;;;1266.5;-11.6207275390625
39;2000;VEV_4000;1258;10;1255;17;;;1279;10;1281;17;;;1268.5;-9.848876953125
39;2100;VEV_4000;1259;8;1256;15;;;1280;8;1283;15;;;1269.5;-8.6717529296875
39;2200;VEV_4000;1258;14;1255;19;;;1279;14;1281;19;;;1268.5;-9.778076171875
39;2300;VEV_4000;1258;13;1256;26;;;1280;13;1282;26;;;1269.0;-9.0408935546875
39;2400;VEV_4000;1260;13;1257;28;;;1281;13;1283;28;;;1270.5;-7.7689208984375
39;2500;VEV_4000;1262;9;1259;18;;;1283;9;1285;18;;;1272.5;-5.7889404296875
39;2600;VEV_4000;1262;11;1259;25;;;1283;11;1286;25;;;1272.5;-5.3526611328125
39;2700;VEV_4000;1261;7;1259;28;;;1283;7;1285;28;;;1272.0;-5.996826171875
39;2800;VEV_4000;1261;9;1258;22;;;1282;9;1285;22;;;1271.5;-6.5621337890625
39;2900;VEV_4000;1259;7;1256;26;;;1280;7;1283;26;;;1269.5;-8.5826416015625
39;3000;VEV_4000;1260;11;1257;16;;;1281;11;1284;16;;;1270.5;-7.5767822265625
39;3100;VEV_4000;1262;15;1259;15;;;1283;15;1285;15;;;1272.5;-5.7442626953125
39;3200;VEV_4000;1262;8;1260;29;;;1284;8;1286;29;;;1273.0;-5.09814453125
39;3300;VEV_4000;1263;11;1260;28;;;1284;11;1287;28;;;1273.5;-4.3675537109375
39;3400;VEV_4000;1264;8;1261;22;;;1285;8;1288;22;;;1274.5;-3.515380859375
39;3500;VEV_4000;1263;14;1260;28;;;1284;14;1287;28;;;1273.5;-4.7120361328125
39;3600;VEV_4000;1263;14;1261;23;;;1285;14;1287;23;;;1274.0;-3.94384765625
39;3700;VEV_4000;1263;13;1260;15;;;1284;13;1287;15;;;1273.5;-4.586181640625
39;3800;VEV_4000;1263;8;1261;25;;;1285;8;1287;25;;;1274.0;-4.1246337890625
39;3900;VEV_4000;1263;15;1261;23;;;1285;15;1287;23;;;1274.0;-4.090087890625
39;4000;VEV_4000;1262;14;1260;22;;;1284;14;1286;22;;;1273.0;-5.1815185546875
39;4100;VEV_4000;1263;12;1260;19;;;1284;12;1287;19;;;1273.5;-4.2908935546875
39;4200;VEV_4000;1264;11;1261;16;;;1285;11;1288;16;;;1274.5;-3.57275390625
39;4300;VEV_4000;1264;9;1261;24;;;1285;9;1288;24;;;1274.5;-3.624267578125
39;4400;VEV_4000;1262;15;1259;30;;;1283;15;1286;30;;;1272.5;-5.6376953125
39;4500;VEV_4000;1262;9;1259;18;;;1283;9;1285;18;;;1272.5;-5.787841796875
39;4600;VEV_4000;1260;8;1258;28;;;1281;8;1284;28;;;1270.5;-7.1678466796875
39;4700;VEV_4000;1260;15;1258;22;;;1282;15;1284;22;;;1271.0;-7.0345458984375
39;4800;VEV_4000;1260;10;1257;20;;;1281;10;1284;20;;;1270.5;-7.3184814453125
39;4900;VEV_4000;1262;8;1260;22;;;1284;8;1286;22;;;1273.0;-5.1162109375
39;5000;VEV_4000;1262;11;1260;26;;;1284;11;1286;26;;;1273.0;-4.9044189453125
39;5100;VEV_4000;1262;10;1260;27;;;1284;10;1286;27;;;1273.0;-5.0177001953125
39;5200;VEV_4000;1262;14;1260;24;;;1284;14;1286;24;;;1273.0;-5.0009765625
39;5300;VEV_4000;1263;7;1260;26;;;1284;7;1287;26;;;1273.5;-4.5277099609375
39;5400;VEV_4000;1262;12;1260;26;;;1284;12;1286;26;;;1273.0;-4.989013671875
39;5500;VEV_4000;1265;13;1263;21;;;1287;13;1289;21;;;1276.0;-2.190673828125
39;5600;VEV_4000;1265;11;1263;21;;;1287;11;1289;21;;;1276.0;-1.907470703125
39;5700;VEV_4000;1265;8;1263;19;;;1287;8;1289;19;;;1276.0;-2.0267333984375
39;5800;VEV_4000;1264;13;1261;21;;;1285;13;1288;21;;;1274.5;-3.489501953125
39;5900;VEV_4000;1264;9;1262;26;;;1286;9;1288;26;;;1275.0;-3.16357421875
39;6000;VEV_4000;1265;15;1262;23;;;1286;15;1289;23;;;1275.5;-2.5909423828125
39;6100;VEV_4000;1264;12;1262;16;;;1286;12;1288;16;;;1275.0;-2.9656982421875
39;6200;VEV_4000;1265;14;1262;27;;;1286;14;1289;27;;;1275.5;-2.6328125
39;6300;VEV_4000;1264;13;1261;30;;;1285;13;1288;30;;;1274.5;-3.4259033203125
39;6400;VEV_4000;1263;7;1260;28;;;1284;7;1287;28;;;1273.5;-4.2646484375
39;6500;VEV_4000;1263;7;1260;16;;;1284;7;1287;16;;;1273.5;-4.5433349609375
39;6600;VEV_4000;1262;12;1260;28;;;1284;12;1286;28;;;1273.0;-4.9996337890625
39;6700;VEV_4000;1262;15;1259;24;;;1283;15;1286;24;;;1272.5;-5.6173095703125
39;6800;VEV_4000;1262;10;1259;30;;;1283;10;1286;30;;;1272.5;-5.50634765625
39;6900;VEV_4000;1263;12;1260;20;;;1284;12;1287;20;;;1273.5;-4.556396484375
39;7000;VEV_4000;1261;13;1259;24;;;1283;13;1285;24;;;1272.0;-5.96435546875
39;7100;VEV_4000;1260;14;1257;18;;;1281;14;1284;18;;;1270.5;-7.48486328125
39;7200;VEV_4000;1260;10;1258;17;;;1281;10;1284;17;;;1270.5;-7.26171875
39;7300;VEV_4000;1260;9;1258;21;;;1282;9;1284;21;;;1271.0;-6.982177734375
39;7400;VEV_4000;1262;14;1260;25;;;1283;14;1286;25;;;1272.5;-5.2449951171875
39;7500;VEV_4000;1263;12;1261;15;;;1285;12;1287;15;;;1274.0;-4.01708984375
39;7600;VEV_4000;1261;9;1259;24;;;1283;9;1285;24;;;1272.0;-5.869140625
39;7700;VEV_4000;1262;14;1260;24;;;1284;14;1286;24;;;1273.0;-5.0142822265625
39;7800;VEV_4000;1270;2;1260;11;1258;16;1282;11;1284;16;;;1276.0;-7.057861328125
39;7900;VEV_4000;1261;11;1258;19;;;1282;11;1285;19;;;1271.5;-6.295654296875
39;8000;VEV_4000;1260;10;1258;30;;;1281;10;1284;30;;;1270.5;-7.2294921875
39;8100;VEV_4000;1260;10;1257;15;;;1281;10;1284;15;;;1270.5;-7.6015625
39;8200;VEV_4000;1259;12;1257;29;;;1281;12;1283;29;;;1270.0;-8.0267333984375
39;8300;VEV_4000;1259;11;1256;30;;;1280;11;1283;30;;;1269.5;-8.432861328125
39;8400;VEV_4000;1260;14;1258;18;;;1282;14;1284;18;;;1271.0;-6.9649658203125
39;8500;VEV_4000;1260;7;1257;18;;;1281;7;1284;18;;;1270.5;-7.3629150390625
39;8600;VEV_4000;1260;13;1257;19;;;1281;13;1284;19;;;1270.5;-7.3037109375
39;8700;VEV_4000;1258;10;1255;26;;;1279;10;1282;26;;;1268.5;-9.3389892578125
39;8800;VEV_4000;1257;14;1255;19;;;1278;14;1281;19;;;1267.5;-10.1572265625
39;8900;VEV_4000;1257;10;1254;15;;;1278;10;1281;15;;;1267.5;-10.3756103515625
39;9000;VEV_4000;1256;10;1254;28;;;1278;10;1280;28;;;1267.0;-10.8731689453125
39;9100;VEV_4000;1256;10;1253;22;;;1277;10;1280;22;;;1266.5;-11.3427734375
39;9200;VEV_4000;1255;8;1253;29;;;1277;8;1279;29;;;1266.0;-11.919677734375
39;9300;VEV_4000;1255;7;1252;30;;;1276;7;1279;30;;;1265.5;-12.585205078125
39;9400;VEV_4000;1254;11;1251;26;;;1275;11;1277;26;;;1264.5;-13.8297119140625
39;9500;VEV_4000;1253;13;1250;18;;;1274;13;1276;18;;;1263.5;-14.8182373046875
39;9600;VEV_4000;1252;11;1250;18;;;1273;11;1276;18;;;1262.5;-15.2388916015625
39;9700;VEV_4000;1252;7;1249;25;;;1273;7;1276;25;;;1262.5;-15.55810546875
39;9800;VEV_4000;1252;11;1249;30;;;1273;11;1276;30;;;1262.5;-15.5894775390625
39;9900;VEV_4000;1251;11;1249;28;;;1273;11;1275;28;;;1262.0;-16.0184326171875
39;10000;VEV_4000;1252;13;1250;29;;;1273;13;1276;29;;;1262.5;-15.1822509765625
39;10100;VEV_4000;1252;15;1250;26;;;1274;15;1276;26;;;1263.0;-15.0675048828125
39;10200;VEV_4000;1251;14;1249;29;;;1273;14;1275;29;;;1262.0;-15.9609375
39;10300;VEV_4000;1250;15;1248;27;;;1271;15;1274;27;;;1260.5;-17.259765625
39;10400;VEV_4000;1251;15;1249;19;;;1273;15;1275;19;;;1262.0;-16.0390625
39;10500;VEV_4000;1251;13;1248;22;;;1272;13;1274;22;;;1261.5;-16.70068359375
39;10600;VEV_4000;1250;9;1248;16;;;1272;9;1274;16;;;1261.0;-16.994140625
39;10700;VEV_4000;1252;9;1249;27;;;1273;9;1276;27;;;1262.5;-15.56982421875
39;10800;VEV_4000;1250;7;1248;28;;;1272;7;1274;28;;;1261.0;-17.0213623046875
39;10900;VEV_4000;1251;12;1248;25;;;1272;12;1275;25;;;1261.5;-16.5460205078125
39;11000;VEV_4000;1252;11;1250;27;;;1273;11;1276;27;;;1262.5;-15.3125
39;11100;VEV_4000;1253;13;1251;24;;;1275;13;1277;24;;;1264.0;-14.0997314453125
39;11200;VEV_4000;1254;9;1252;18;;;1275;9;1278;18;;;1264.5;-13.3519287109375
39;11300;VEV_4000;1254;15;1252;18;;;1276;15;1278;18;;;1265.0;-12.8868408203125
39;11400;VEV_4000;1256;14;1254;17;;;1277;14;1280;17;;;1266.5;-11.1463623046875
39;11500;VEV_4000;1257;11;1254;15;;;1278;11;1280;15;;;1267.5;-10.73681640625
39;11600;VEV_4000;1256;8;1253;23;;;1277;8;1280;23;;;1266.5;-11.553466796875
39;11700;VEV_4000;1256;9;1254;17;;;1278;9;1280;17;;;1267.0;-11.1102294921875
39;11800;VEV_4000;1255;11;1253;22;;;1276;11;1279;22;;;1265.5;-12.166748046875
39;11900;VEV_4000;1257;12;1254;17;;;1278;12;1281;17;;;1267.5;-10.52734375
39;12000;VEV_4000;1258;15;1255;28;;;1279;15;1282;28;;;1268.5;-9.4417724609375
39;12100;VEV_4000;1258;11;1255;30;;;1279;11;1282;30;;;1268.5;-9.3355712890625
39;12200;VEV_4000;1258;13;1255;21;;;1279;13;1282;21;;;1268.5;-9.6162109375
39;12300;VEV_4000;1258;10;1255;26;;;1279;10;1282;26;;;1268.5;-9.5863037109375
39;12400;VEV_4000;1256;8;1254;16;;;1277;8;1280;16;;;1266.5;-11.1715087890625
39;12500;VEV_4000;1257;9;1254;29;;;1278;9;1280;29;;;1267.5;-10.8389892578125
39;12600;VEV_4000;1256;7;1254;20;;;1277;7;1280;20;;;1266.5;-11.18603515625
39;12700;VEV_4000;1256;14;1253;18;;;1277;14;1280;18;;;1266.5;-11.5311279296875
39;12800;VEV_4000;1255;11;1253;22;;;1276;11;1279;22;;;1265.5;-12.316162109375
39;12900;VEV_4000;1256;13;1253;15;;;1277;13;1279;15;;;1266.5;-11.75244140625
39;13000;VEV_4000;1255;9;1252;21;;;1276;9;1279;21;;;1265.5;-12.564208984375
39;13100;VEV_4000;1255;9;1253;18;;;1265;3;1277;9;1279;18;1260.0;-12.0955810546875
39;13200;VEV_4000;1257;13;1254;26;;;1278;13;1280;26;;;1267.5;-10.8489990234375
39;13300;VEV_4000;1257;13;1255;27;;;1278;13;1281;27;;;1267.5;-10.2611083984375
39;13400;VEV_4000;1256;11;1254;15;;;1278;11;1280;15;;;1267.0;-11.0858154296875
39;13500;VEV_4000;1254;13;1252;26;;;1276;13;1278;26;;;1265.0;-12.9630126953125
39;13600;VEV_4000;1255;15;1252;22;;;1276;15;1279;22;;;1265.5;-12.492431640625
39;13700;VEV_4000;1255;14;1252;29;;;1276;14;1278;29;;;1265.5;-12.832763671875
39;13800;VEV_4000;1255;11;1253;29;;;1276;11;1279;29;;;1265.5;-12.253173828125
39;13900;VEV_4000;1256;10;1253;17;;;1277;10;1280;17;;;1266.5;-11.4036865234375
39;14000;VEV_4000;1256;9;1253;17;;;1277;9;1279;17;;;1266.5;-11.7923583984375
39;14100;VEV_4000;1256;14;1253;30;;;1277;14;1280;30;;;1266.5;-11.3646240234375
39;14200;VEV_4000;1256;14;1253;22;;;1277;14;1280;22;;;1266.5;-11.62255859375
39;14300;VEV_4000;1257;7;1254;29;;;1278;7;1281;29;;;1267.5;-10.58203125
39;14400;VEV_4000;1256;10;1253;24;;;1277;10;1280;24;;;1266.5;-11.480224609375
39;14500;VEV_4000;1255;11;1252;21;;;1276;11;1279;21;;;1265.5;-12.5001220703125
39;14600;VEV_4000;1253;11;1251;29;;;1275;11;1277;29;;;1264.0;-14.063720703125
39;14700;VEV_4000;1256;8;1253;20;;;1277;8;1279;20;;;1266.5;-11.7432861328125
39;14800;VEV_4000;1256;13;1254;15;;;1278;13;1280;15;;;1267.0;-11.0528564453125
39;14900;VEV_4000;1256;7;1253;29;;;1277;7;1280;29;;;1266.5;-11.5655517578125
39;15000;VEV_4000;1256;9;1253;26;;;1277;9;1280;26;;;1266.5;-11.5941162109375
39;15100;VEV_4000;1257;9;1255;19;;;1279;9;1281;19;;;1268.0;-9.87158203125
39;15200;VEV_4000;1258;7;1255;26;;;1279;7;1282;26;;;1268.5;-9.4986572265625
39;15300;VEV_4000;1258;12;1256;24;;;1280;12;1282;24;;;1269.0;-9.030029296875
39;15400;VEV_4000;1258;8;1255;25;;;1279;8;1281;25;;;1268.5;-9.7427978515625
39;15500;VEV_4000;1257;11;1255;29;;;1279;11;1281;29;;;1268.0;-9.886962890625
39;15600;VEV_4000;1260;14;1257;24;;;1281;14;1284;24;;;1270.5;-7.6312255859375
39;15700;VEV_4000;1259;7;1257;19;;;1281;7;1283;19;;;1270.0;-8.083740234375
39;15800;VEV_4000;1259;13;1256;18;;;1280;13;1283;18;;;1269.5;-8.3367919921875
39;15900;VEV_4000;1260;8;1257;22;;;1281;8;1284;22;;;1270.5;-7.336669921875
39;16000;VEV_4000;1260;12;1258;16;;;1281;12;1284;16;;;1270.5;-7.189208984375
39;16100;VEV_4000;1261;11;1258;26;;;1282;11;1285;26;;;1271.5;-6.654052734375
39;16200;VEV_4000;1260;13;1258;25;;;1282;13;1284;25;;;1271.0;-6.9400634765625
39;16300;VEV_4000;1261;11;1259;18;;;1283;11;1285;18;;;1272.0;-5.88916015625
39;16400;VEV_4000;1262;9;1260;15;;;1284;9;1286;15;;;1273.0;-4.9725341796875
39;16500;VEV_4000;1262;12;1259;29;;;1283;12;1285;29;;;1272.5;-5.759765625
39;16600;VEV_4000;1262;15;1260;23;;;1284;15;1286;23;;;1273.0;-4.855712890625
39;16700;VEV_4000;1262;12;1260;24;;;1284;12;1286;24;;;1273.0;-4.9637451171875
39;16800;VEV_4000;1262;14;1260;17;;;1284;14;1286;17;;;1273.0;-4.927978515625
39;16900;VEV_4000;1263;15;1260;19;;;1284;15;1287;19;;;1273.5;-4.547119140625
39;17000;VEV_4000;1263;15;1260;26;;;1284;15;1287;26;;;1273.5;-4.402587890625
39;17100;VEV_4000;1263;9;1260;27;;;1284;9;1287;27;;;1273.5;-4.463134765625
39;17200;VEV_4000;1264;12;1261;30;;;1285;12;1288;30;;;1274.5;-3.2950439453125
39;17300;VEV_4000;1265;13;1262;15;;;1286;13;1289;15;;;1275.5;-2.601806640625
39;17400;VEV_4000;1266;10;1263;24;;;1287;10;1290;24;;;1276.5;-1.637939453125
39;17500;VEV_4000;1266;10;1263;27;;;1287;10;1289;27;;;1276.5;-1.781005859375
39;17600;VEV_4000;1265;11;1262;23;;;1286;11;1289;23;;;1275.5;-2.7452392578125
39;17700;VEV_4000;1263;14;1260;17;;;1284;14;1287;17;;;1273.5;-4.4119873046875
39;17800;VEV_4000;1263;10;1260;26;;;1284;10;1287;26;;;1273.5;-4.6517333984375
39;17900;VEV_4000;1263;13;1260;23;;;1284;13;1287;23;;;1273.5;-4.451904296875
39;18000;VEV_4000;1265;8;1262;19;;;1286;8;1288;19;;;1275.5;-2.7838134765625
39;18100;VEV_4000;1264;15;1261;15;;;1285;15;1288;15;;;1274.5;-3.3902587890625
39;18200;VEV_4000;1264;9;1262;24;;;1285;9;1288;24;;;1274.5;-3.2252197265625
39;18300;VEV_4000;1264;7;1262;23;;;1285;7;1288;23;;;1274.5;-3.2471923828125
39;18400;VEV_4000;1263;15;1260;19;;;1284;15;1286;19;;;1273.5;-4.741943359375
39;18500;VEV_4000;1263;15;1260;20;;;1284;15;1287;20;;;1273.5;-4.3135986328125
39;18600;VEV_4000;1261;15;1258;16;;;1282;15;1285;16;;;1271.5;-6.6810302734375
39;18700;VEV_4000;1261;9;1258;24;;;1282;9;1284;24;;;1271.5;-6.7919921875
39;18800;VEV_4000;1260;8;1257;29;;;1281;8;1284;29;;;1270.5;-7.666015625
39;18900;VEV_4000;1260;13;1258;24;;;1282;13;1284;24;;;1271.0;-6.9354248046875
39;19000;VEV_4000;1259;10;1257;27;;;1280;10;1283;27;;;1269.5;-8.198974609375
39;19100;VEV_4000;1269;2;1258;12;1256;23;1280;12;1282;23;;;1274.5;-8.8553466796875
39;19200;VEV_4000;1259;14;1256;24;;;1280;14;1283;24;;;1269.5;-8.4832763671875
39;19300;VEV_4000;1259;11;1257;17;;;1281;11;1283;17;;;1270.0;-8.124755859375
39;19400;VEV_4000;1259;7;1256;18;;;1280;7;1282;18;;;1269.5;-8.80908203125
39;19500;VEV_4000;1258;15;1256;18;;;1279;15;1282;18;;;1268.5;-9.216064453125
39;19600;VEV_4000;1258;12;1256;19;;;1280;12;1282;19;;;1269.0;-9.01611328125
39;19700;VEV_4000;1257;10;1254;25;;;1278;10;1281;25;;;1267.5;-10.6251220703125
39;19800;VEV_4000;1256;15;1254;29;;;1277;15;1280;29;;;1266.5;-11.2894287109375
39;19900;VEV_4000;1258;11;1256;28;;;1279;11;1282;28;;;1268.5;-9.1610107421875
39;20000;VEV_4000;1259;15;1256;27;;;1280;15;1283;27;;;1269.5;-8.3673095703125
39;20100;VEV_4000;1258;10;1255;16;;;1279;10;1282;16;;;1268.5;-9.458984375
39;20200;VEV_4000;1259;10;1256;28;;;1280;10;1282;28;;;1269.5;-8.783935546875
39;20300;VEV_4000;1258;15;1255;16;;;1279;15;1282;16;;;1268.5;-9.58544921875
39;20400;VEV_4000;1259;9;1256;29;;;1280;9;1282;29;;;1269.5;-8.7503662109375
39;20500;VEV_4000;1258;10;1255;20;;;1279;10;1282;20;;;1268.5;-9.596435546875
39;20600;VEV_4000;1257;15;1254;27;;;1278;15;1281;27;;;1267.5;-10.4168701171875
39;20700;VEV_4000;1258;10;1255;24;;;1279;10;1281;24;;;1268.5;-9.6854248046875
39;20800;VEV_4000;1259;8;1256;25;;;1280;8;1283;25;;;1269.5;-8.5126953125
39;20900;VEV_4000;1260;8;1257;30;;;1270;5;1281;8;1284;30;1265.0;-7.511962890625
39;21000;VEV_4000;1260;7;1257;16;;;1281;7;1284;16;;;1270.5;-7.377197265625
39;21100;VEV_4000;1258;14;1256;15;;;1280;14;1282;15;;;1269.0;-9.0606689453125
39;21200;VEV_4000;1259;13;1256;25;;;1280;13;1283;25;;;1269.5;-8.59375
39;21300;VEV_4000;1260;13;1258;15;;;1282;13;1284;15;;;1271.0;-7.0672607421875
39;21400;VEV_4000;1260;7;1258;23;;;1282;7;1284;23;;;1271.0;-6.9263916015625
39;21500;VEV_4000;1261;11;1258;21;;;1282;11;1285;21;;;1271.5;-6.6083984375
39;21600;VEV_4000;1261;15;1259;17;;;1282;15;1285;17;;;1271.5;-6.1903076171875
39;21700;VEV_4000;1261;7;1259;28;;;1282;7;1285;28;;;1271.5;-6.2440185546875
39;21800;VEV_4000;1262;8;1259;17;;;1283;8;1286;17;;;1272.5;-5.35009765625
39;21900;VEV_4000;1262;15;1259;17;;;1283;15;1286;17;;;1272.5;-5.3685302734375
39;22000;VEV_4000;1261;15;1258;23;;;1282;15;1285;23;;;1271.5;-6.395751953125
39;22100;VEV_4000;1260;8;1258;22;;;1281;8;1284;22;;;1270.5;-7.2825927734375
39;22200;VEV_4000;1260;9;1257;24;;;1281;9;1283;24;;;1270.5;-7.7847900390625
39;22300;VEV_4000;1259;11;1257;28;;;1281;11;1283;28;;;1270.0;-7.93603515625
39;22400;VEV_4000;1259;10;1256;22;;;1280;10;1283;22;;;1269.5;-8.3638916015625
39;22500;VEV_4000;1259;13;1256;30;;;1280;13;1283;30;;;1269.5;-8.51025390625
39;22600;VEV_4000;1259;15;1256;22;;;1280;15;1283;22;;;1269.5;-8.620361328125
39;22700;VEV_4000;1258;13;1255;28;;;1279;13;1282;28;;;1268.5;-9.512451171875
39;22800;VEV_4000;1257;13;1255;30;;;1279;13;1281;30;;;1268.0;-10.06884765625
39;22900;VEV_4000;1257;9;1255;23;;;1279;9;1281;23;;;1268.0;-9.932373046875
39;23000;VEV_4000;1256;8;1254;24;;;1278;8;1280;24;;;1267.0;-10.87353515625
39;23100;VEV_4000;1256;10;1254;30;;;1278;10;1280;30;;;1267.0;-10.9549560546875
39;23200;VEV_4000;1256;10;1253;30;;;1277;10;1280;30;;;1266.5;-11.5784912109375
39;23300;VEV_4000;1254;7;1252;28;;;1275;7;1278;28;;;1264.5;-13.2674560546875
39;23400;VEV_4000;1253;7;1250;30;;;1274;7;1276;30;;;1263.5;-14.74658203125
39;23500;VEV_4000;1253;7;1251;25;;;1263;2;1275;7;1277;25;1258.0;-14.0478515625
39;23600;VEV_4000;1252;8;1250;21;;;1273;8;1276;21;;;1262.5;-15.29296875
39;23700;VEV_4000;1253;15;1251;20;;;1275;15;1277;20;;;1264.0;-14.05712890625
39;23800;VEV_4000;1253;11;1251;20;;;1274;11;1277;20;;;1263.5;-14.24365234375
39;23900;VEV_4000;1254;8;1252;15;;;1276;8;1278;15;;;1265.0;-12.8997802734375
39;24000;VEV_4000;1255;11;1252;21;;;1276;11;1278;21;;;1265.5;-12.81201171875
39;24100;VEV_4000;1254;15;1251;20;;;1275;15;1278;20;;;1264.5;-13.3748779296875
39;24200;VEV_4000;1255;9;1252;22;;;1276;9;1278;22;;;1265.5;-12.7431640625
39;24300;VEV_4000;1254;7;1252;21;;;1276;7;1278;21;;;1265.0;-12.9500732421875
39;24400;VEV_4000;1255;11;1253;26;;;1277;11;1279;26;;;1266.0;-11.8717041015625
39;24500;VEV_4000;1256;13;1253;21;;;1277;13;1279;21;;;1266.5;-11.752197265625
39;24600;VEV_4000;1265;4;1255;9;1252;16;1276;9;1278;16;;;1270.5;-12.850830078125
39;24700;VEV_4000;1255;13;1253;21;;;1277;13;1279;21;;;1266.0;-12.0435791015625
39;24800;VEV_4000;1255;11;1253;27;;;1277;11;1279;27;;;1266.0;-11.9195556640625
39;24900;VEV_4000;1255;12;1253;22;;;1277;12;1279;22;;;1266.0;-12.0775146484375
39;25000;VEV_4000;1255;14;1252;20;;;1276;14;1279;20;;;1265.5;-12.6258544921875
39;25100;VEV_4000;1255;15;1253;19;;;1277;15;1279;19;;;1266.0;-11.9285888671875
39;25200;VEV_4000;1256;10;1254;15;;;1278;10;1280;15;;;1267.0;-10.90771484375
39;25300;VEV_4000;1255;13;1252;19;;;1276;13;1279;19;;;1265.5;-12.50830078125
39;25400;VEV_4000;1256;15;1253;16;;;1277;15;1280;16;;;1266.5;-11.6522216796875
39;25500;VEV_4000;1256;15;1253;29;;;1277;15;1279;29;;;1266.5;-11.7193603515625
39;25600;VEV_4000;1256;11;1254;18;;;1277;11;1280;18;;;1266.5;-11.2283935546875
39;25700;VEV_4000;1256;13;1253;23;;;1277;13;1279;23;;;1266.5;-11.8404541015625
39;25800;VEV_4000;1255;7;1253;16;;;1277;7;1279;16;;;1266.0;-12.058837890625
39;25900;VEV_4000;1256;12;1254;23;;;1277;12;1280;23;;;1266.5;-11.2454833984375
39;26000;VEV_4000;1257;13;1255;24;;;1278;13;1281;24;;;1267.5;-10.2088623046875
39;26100;VEV_4000;1257;7;1254;30;;;1278;7;1281;30;;;1267.5;-10.586181640625
39;26200;VEV_4000;1255;12;1253;16;;;1276;12;1279;16;;;1265.5;-12.2393798828125
39;26300;VEV_4000;1255;14;1253;23;;;1276;14;1279;23;;;1265.5;-12.297607421875
39;26400;VEV_4000;1256;12;1253;17;;;1277;12;1280;17;;;1266.5;-11.6578369140625
39;26500;VEV_4000;1256;9;1253;15;;;1277;9;1280;15;;;1266.5;-11.627685546875
39;26600;VEV_4000;1256;7;1253;21;;;1277;7;1280;21;;;1266.5;-11.5560302734375
39;26700;VEV_4000;1257;7;1254;28;;;1278;7;1281;28;;;1267.5;-10.6600341796875
39;26800;VEV_4000;1257;12;1254;30;;;1278;12;1281;30;;;1267.5;-10.635986328125
39;26900;VEV_4000;1257;8;1255;24;;;1279;8;1281;24;;;1268.0;-10.072021484375
39;27000;VEV_4000;1256;10;1253;29;;;1277;10;1279;29;;;1266.5;-11.755859375
39;27100;VEV_4000;1255;11;1253;21;;;1277;11;1279;21;;;1266.0;-12.031005859375
39;27200;VEV_4000;1254;9;1252;19;;;1275;9;1278;19;;;1264.5;-13.3167724609375
39;27300;VEV_4000;1255;8;1252;27;;;1276;8;1278;27;;;1265.5;-12.7362060546875
39;27400;VEV_4000;1253;11;1251;21;;;1275;11;1277;21;;;1264.0;-14.02490234375
39;27500;VEV_4000;1254;12;1252;16;;;1276;12;1278;16;;;1265.0;-13.07080078125
39;27600;VEV_4000;1255;12;1253;15;;;1276;12;1279;15;;;1265.5;-12.314697265625
39;27700;VEV_4000;1255;12;1253;24;;;1276;12;1279;24;;;1265.5;-12.30419921875
39;27800;VEV_4000;1254;7;1251;26;;;1275;7;1278;26;;;1264.5;-13.5762939453125
39;27900;VEV_4000;1253;11;1251;16;;;1274;11;1277;16;;;1263.5;-14.235595703125
39;28000;VEV_4000;1252;15;1249;25;;;1273;15;1276;25;;;1262.5;-15.4119873046875
39;28100;VEV_4000;1255;15;1252;27;;;1276;15;1279;27;;;1265.5;-12.4720458984375
39;28200;VEV_4000;1256;15;1254;18;;;1277;15;1280;18;;;1266.5;-11.28515625
39;28300;VEV_4000;1256;15;1253;19;;;1277;15;1280;19;;;1266.5;-11.421875
39;28400;VEV_4000;1256;11;1254;27;;;1277;11;1280;27;;;1266.5;-11.2998046875
39;28500;VEV_4000;1256;11;1254;25;;;1277;11;1280;25;;;1266.5;-11.3192138671875
39;28600;VEV_4000;1256;11;1254;28;;;1278;11;1280;28;;;1267.0;-10.9581298828125
39;28700;VEV_4000;1256;11;1254;19;;;1277;11;1280;19;;;1266.5;-11.228271484375
39;28800;VEV_4000;1255;15;1253;20;;;1276;15;1279;20;;;1265.5;-12.1624755859375
39;28900;VEV_4000;1255;12;1253;21;;;1276;12;1279;21;;;1265.5;-12.204833984375
39;29000;VEV_4000;1255;11;1252;22;;;1276;11;1278;22;;;1265.5;-12.722900390625
39;29100;VEV_4000;1255;7;1253;28;;;1277;7;1279;28;;;1266.0;-11.8916015625
39;29200;VEV_4000;1256;8;1253;25;;;1277;8;1280;25;;;1266.5;-11.3782958984375
39;29300;VEV_4000;1255;15;1253;24;;;1277;15;1279;24;;;1266.0;-12.0489501953125
39;29400;VEV_4000;1256;13;1253;30;;;1277;13;1279;30;;;1266.5;-11.7183837890625
39;29500;VEV_4000;1256;14;1253;30;;;1266;2;1277;14;1280;30;1261.0;-11.5965576171875
39;29600;VEV_4000;1254;7;1252;28;;;1276;7;1278;28;;;1265.0;-13.012451171875
39;29700;VEV_4000;1254;14;1252;16;;;1275;14;1278;16;;;1264.5;-13.124267578125
39;29800;VEV_4000;1254;13;1252;28;;;1275;13;1278;28;;;1264.5;-13.1634521484375
39;29900;VEV_4000;1255;15;1252;19;;;1276;15;1278;19;;;1265.5;-12.7265625
39;30000;VEV_4000;1253;7;1251;16;;;1275;7;1277;16;;;1264.0;-13.887451171875
39;30100;VEV_4000;1254;15;1251;25;;;1275;15;1277;25;;;1264.5;-13.7783203125
39;30200;VEV_4000;1253;11;1250;30;;;1274;11;1276;30;;;1263.5;-14.7254638671875
39;30300;VEV_4000;1262;4;1252;15;1249;20;1273;15;1276;20;;;1267.5;-15.5733642578125
39;30400;VEV_4000;1251;14;1249;28;;;1273;14;1275;28;;;1262.0;-15.9173583984375
39;30500;VEV_4000;1252;15;1250;26;;;1273;15;1276;26;;;1262.5;-15.1087646484375
39;30600;VEV_4000;1251;9;1248;20;;;1272;9;1274;20;;;1261.5;-16.6458740234375
39;30700;VEV_4000;1250;9;1247;24;;;1271;9;1274;24;;;1260.5;-17.4542236328125
39;30800;VEV_4000;1249;11;1246;30;;;1270;11;1272;30;;;1259.5;-18.769775390625
39;30900;VEV_4000;1250;8;1247;18;;;1271;8;1274;18;;;1260.5;-17.5848388671875
39;31000;VEV_4000;1248;10;1245;30;;;1269;10;1272;30;;;1258.5;-19.4246826171875
39;31100;VEV_4000;1248;7;1246;29;;;1269;7;1272;29;;;1258.5;-19.2027587890625
39;31200;VEV_4000;1248;9;1245;19;;;1269;9;1271;19;;;1258.5;-19.6702880859375
39;31300;VEV_4000;1250;14;1247;19;;;1271;14;1274;19;;;1260.5;-17.5726318359375
39;31400;VEV_4000;1250;7;1248;19;;;1272;7;1274;19;;;1261.0;-17.01171875
39;31500;VEV_4000;1251;8;1248;27;;;1272;8;1274;27;;;1261.5;-16.815185546875
39;31600;VEV_4000;1251;7;1248;21;;;1272;7;1275;21;;;1261.5;-16.6103515625
39;31700;VEV_4000;1252;12;1249;30;;;1273;12;1276;30;;;1262.5;-15.50927734375
39;31800;VEV_4000;1252;9;1249;20;;;1273;9;1276;20;;;1262.5;-15.5594482421875
39;31900;VEV_4000;1253;15;1250;21;;;1274;15;1277;21;;;1263.5;-14.413818359375
39;32000;VEV_4000;1254;13;1251;20;;;1275;13;1278;20;;;1264.5;-13.614990234375
39;32100;VEV_4000;1254;8;1252;16;;;1276;8;1278;16;;;1265.0;-12.9974365234375
39;32200;VEV_4000;1254;8;1252;17;;;1276;8;1278;17;;;1265.0;-12.9237060546875
39;32300;VEV_4000;1256;15;1253;18;;;1277;15;1279;18;;;1266.5;-11.7099609375
39;32400;VEV_4000;1256;13;1253;25;;;1277;13;1279;25;;;1266.5;-11.8280029296875
39;32500;VEV_4000;1256;11;1253;27;;;1277;11;1280;27;;;1266.5;-11.426025390625
39;32600;VEV_4000;1256;13;1253;26;;;1277;13;1280;26;;;1266.5;-11.604736328125
39;32700;VEV_4000;1256;12;1253;27;;;1277;12;1279;27;;;1266.5;-11.7078857421875
39;32800;VEV_4000;1256;10;1254;23;;;1277;10;1280;23;;;1266.5;-11.1715087890625
39;32900;VEV_4000;1256;15;1253;24;;;1277;15;1280;24;;;1266.5;-11.3504638671875
39;33000;VEV_4000;1258;11;1255;25;;;1279;11;1282;25;;;1268.5;-9.432861328125
39;33100;VEV_4000;1259;9;1256;22;;;1280;9;1282;22;;;1269.5;-8.8326416015625
39;33200;VEV_4000;1257;14;1254;19;;;1278;14;1281;19;;;1267.5;-10.659912109375
39;33300;VEV_4000;1258;13;1255;28;;;1279;13;1281;28;;;1268.5;-9.8125
39;33400;VEV_4000;1258;12;1256;15;;;1280;12;1282;15;;;1269.0;-8.9532470703125
39;33500;VEV_4000;1258;13;1255;19;;;1279;13;1282;19;;;1268.5;-9.5499267578125
39;33600;VEV_4000;1258;8;1255;22;;;1279;8;1282;22;;;1268.5;-9.66162109375
39;33700;VEV_4000;1258;13;1255;26;;;1279;13;1282;26;;;1268.5;-9.437744140625
39;33800;VEV_4000;1258;14;1256;28;;;1280;14;1282;28;;;1269.0;-8.9781494140625
39;33900;VEV_4000;1260;14;1257;21;;;1281;14;1283;21;;;1270.5;-7.8095703125
39;34000;VEV_4000;1260;14;1257;17;;;1281;14;1283;17;;;1270.5;-7.7841796875
39;34100;VEV_4000;1261;14;1259;25;;;1282;14;1285;25;;;1271.5;-6.2354736328125
39;34200;VEV_4000;1262;13;1260;20;;;1283;13;1286;20;;;1272.5;-5.2476806640625
39;34300;VEV_4000;1262;15;1259;21;;;1283;15;1286;21;;;1272.5;-5.5028076171875
39;34400;VEV_4000;1261;8;1259;17;;;1283;8;1285;17;;;1272.0;-6.0438232421875
39;34500;VEV_4000;1261;15;1258;22;;;1282;15;1285;22;;;1271.5;-6.693603515625
39;34600;VEV_4000;1260;10;1257;30;;;1281;10;1284;30;;;1270.5;-7.3701171875
39;34700;VEV_4000;1260;13;1257;18;;;1281;13;1283;18;;;1270.5;-7.800537109375
39;34800;VEV_4000;1258;10;1255;19;;;1279;10;1282;19;;;1268.5;-9.326171875
39;34900;VEV_4000;1258;14;1255;26;;;1279;14;1281;26;;;1268.5;-9.6971435546875
39;35000;VEV_4000;1256;11;1253;15;;;1277;11;1279;15;;;1266.5;-11.7574462890625
39;35100;VEV_4000;1256;9;1254;27;;;1278;9;1280;27;;;1267.0;-10.934326171875
39;35200;VEV_4000;1266;2;1256;14;1254;26;1277;14;1280;26;;;1271.5;-11.278564453125
39;35300;VEV_4000;1257;7;1254;15;;;1278;7;1281;15;;;1267.5;-10.3814697265625
39;35400;VEV_4000;1258;12;1256;24;;;1280;12;1282;24;;;1269.0;-8.9921875
39;35500;VEV_4000;1258;13;1256;17;;;1280;13;1282;17;;;1269.0;-9.069091796875
39;35600;VEV_4000;1258;7;1256;16;;;1280;7;1282;16;;;1269.0;-9.015380859375
39;35700;VEV_4000;1257;9;1254;16;;;1278;9;1281;16;;;1267.5;-10.44677734375
39;35800;VEV_4000;1256;7;1253;27;;;1277;7;1279;27;;;1266.5;-11.720703125
39;35900;VEV_4000;1256;10;1254;23;;;1278;10;1280;23;;;1267.0;-11.0921630859375
39;36000;VEV_4000;1256;14;1254;26;;;1278;14;1280;26;;;1267.0;-10.9163818359375
39;36100;VEV_4000;1257;12;1255;16;;;1279;12;1281;16;;;1268.0;-9.8914794921875
39;36200;VEV_4000;1258;12;1255;20;;;1279;12;1281;20;;;1268.5;-9.83642578125
39;36300;VEV_4000;1256;11;1253;28;;;1277;11;1280;28;;;1266.5;-11.4403076171875
39;36400;VEV_4000;1258;8;1255;15;;;1279;8;1281;15;;;1268.5;-9.848388671875
39;36500;VEV_4000;1258;14;1255;28;;;1279;14;1281;28;;;1268.5;-9.7518310546875
39;36600;VEV_4000;1258;9;1255;23;;;1279;9;1282;23;;;1268.5;-9.4495849609375
39;36700;VEV_4000;1257;14;1254;27;;;1278;14;1281;27;;;1267.5;-10.5662841796875
39;36800;VEV_4000;1255;9;1252;26;;;1276;9;1279;26;;;1265.5;-12.596435546875
39;36900;VEV_4000;1255;14;1252;19;;;1276;14;1279;19;;;1265.5;-12.643798828125
39;37000;VEV_4000;1254;8;1251;20;;;1275;8;1278;20;;;1264.5;-13.413330078125
39;37100;VEV_4000;1256;15;1254;16;;;1277;15;1280;16;;;1266.5;-11.2430419921875
39;37200;VEV_4000;1258;8;1256;30;;;1279;8;1282;30;;;1268.5;-9.2401123046875
39;37300;VEV_4000;1257;10;1254;22;;;1278;10;1280;22;;;1267.5;-10.85302734375
39;37400;VEV_4000;1255;15;1253;19;;;1277;15;1279;19;;;1266.0;-12.115234375
39;37500;VEV_4000;1256;7;1253;30;;;1277;7;1279;30;;;1266.5;-11.8406982421875
39;37600;VEV_4000;1255;8;1252;27;;;1276;8;1278;27;;;1265.5;-12.680419921875
39;37700;VEV_4000;1257;9;1255;27;;;1278;9;1281;27;;;1267.5;-10.3148193359375
39;37800;VEV_4000;1256;11;1254;28;;;1277;11;1280;28;;;1266.5;-11.140380859375
39;37900;VEV_4000;1256;11;1253;16;;;1277;11;1280;16;;;1266.5;-11.3673095703125
39;38000;VEV_4000;1256;8;1254;15;;;1277;8;1280;15;;;1266.5;-11.1510009765625
39;38100;VEV_4000;1256;11;1254;23;;;1277;11;1280;23;;;1266.5;-11.2080078125
39;38200;VEV_4000;1256;10;1254;22;;;1277;10;1280;22;;;1266.5;-11.2900390625
39;38300;VEV_4000;1257;14;1254;30;;;1278;14;1281;30;;;1267.5;-10.5938720703125
39;38400;VEV_4000;1257;14;1254;15;;;1278;14;1280;15;;;1267.5;-10.8460693359375
39;38500;VEV_4000;1256;7;1254;28;;;1278;7;1280;28;;;1267.0;-10.9046630859375
39;38600;VEV_4000;1256;15;1254;19;;;1278;15;1280;19;;;1267.0;-11.095458984375
39;38700;VEV_4000;1257;13;1254;17;;;1278;13;1281;17;;;1267.5;-10.4544677734375
39;38800;VEV_4000;1256;8;1254;22;;;1278;8;1280;22;;;1267.0;-11.019287109375
39;38900;VEV_4000;1256;10;1254;15;;;1278;10;1280;15;;;1267.0;-10.8988037109375
39;39000;VEV_4000;1256;7;1254;26;;;1278;7;1280;26;;;1267.0;-11.02587890625
39;39100;VEV_4000;1256;10;1254;25;;;1278;10;1280;25;;;1267.0;-11.0069580078125
39;39200;VEV_4000;1255;8;1252;29;;;1276;8;1279;29;;;1265.5;-12.5855712890625
39;39300;VEV_4000;1264;3;1253;13;1251;29;1275;13;1277;29;;;1269.5;-13.9173583984375
39;39400;VEV_4000;1254;12;1252;22;;;1275;12;1278;22;;;1264.5;-13.1353759765625
39;39500;VEV_4000;1254;7;1251;29;;;1275;7;1277;29;;;1264.5;-13.8096923828125
39;39600;VEV_4000;1253;8;1251;28;;;1275;8;1277;28;;;1264.0;-13.9976806640625
39;39700;VEV_4000;1251;9;1249;16;;;1272;9;1275;16;;;1261.5;-16.287109375
39;39800;VEV_4000;1260;5;1250;8;1248;30;1271;8;1274;30;;;1265.5;-17.1192626953125
39;39900;VEV_4000;1250;12;1247;18;;;1271;12;1274;18;;;1260.5;-17.5198974609375
39;40000;VEV_4000;1251;11;1248;16;;;1272;11;1274;16;;;1261.5;-16.6517333984375
39;40100;VEV_4000;1250;13;1247;29;;;1271;13;1273;29;;;1260.5;-17.6396484375
39;40200;VEV_4000;1249;13;1247;21;;;1270;13;1273;21;;;1259.5;-18.393798828125
39;40300;VEV_4000;1249;9;1246;16;;;1270;9;1272;16;;;1259.5;-18.636962890625
39;40400;VEV_4000;1248;14;1246;15;;;1269;14;1272;15;;;1258.5;-19.3701171875
39;40500;VEV_4000;1247;8;1245;16;;;1269;8;1271;16;;;1258.0;-19.991943359375
39;40600;VEV_4000;1246;14;1244;19;;;1268;14;1270;19;;;1257.0;-21.0091552734375
39;40700;VEV_4000;1244;13;1242;18;;;1265;13;1268;18;;;1254.5;-23.1937255859375
39;40800;VEV_4000;1244;8;1242;25;;;1266;8;1268;25;;;1255.0;-23.033203125
39;40900;VEV_4000;1243;14;1240;27;;;1264;14;1266;27;;;1253.5;-24.5860595703125
39;41000;VEV_4000;1244;10;1241;20;;;1265;10;1267;20;;;1254.5;-23.680419921875
39;41100;VEV_4000;1243;9;1241;30;;;1264;9;1267;30;;;1253.5;-24.16357421875
39;41200;VEV_4000;1242;15;1240;16;;;1263;15;1266;16;;;1252.5;-25.277099609375
39;41300;VEV_4000;1243;10;1240;27;;;1264;10;1266;27;;;1253.5;-24.813720703125
39;41400;VEV_4000;1243;13;1240;16;;;1264;13;1266;16;;;1253.5;-24.904052734375
39;41500;VEV_4000;1241;15;1238;21;;;1262;15;1265;21;;;1251.5;-26.48876953125
39;41600;VEV_4000;1240;11;1238;25;;;1261;11;1264;25;;;1250.5;-27.051513671875
39;41700;VEV_4000;1241;15;1238;29;;;1262;15;1264;29;;;1251.5;-26.73681640625
39;41800;VEV_4000;1242;14;1239;28;;;1263;14;1265;28;;;1252.5;-25.9267578125
39;41900;VEV_4000;1240;15;1237;27;;;1250;2;1261;15;1263;27;1245.0;-27.6600341796875
39;42000;VEV_4000;1239;10;1236;19;;;1260;10;1262;19;;;1249.5;-28.5523681640625
39;42100;VEV_4000;1241;10;1238;16;;;1262;10;1264;16;;;1251.5;-26.90673828125
39;42200;VEV_4000;1242;10;1240;15;;;1263;10;1266;15;;;1252.5;-25.29931640625
39;42300;VEV_4000;1244;11;1241;25;;;1265;11;1267;25;;;1254.5;-23.7923583984375
39;42400;VEV_4000;1243;13;1241;24;;;1264;13;1267;24;;;1253.5;-24.413330078125
39;42500;VEV_4000;1243;11;1241;26;;;1264;11;1267;26;;;1253.5;-24.2164306640625
39;42600;VEV_4000;1244;13;1241;23;;;1265;13;1267;23;;;1254.5;-23.830078125
39;42700;VEV_4000;1242;15;1240;17;;;1263;15;1266;17;;;1252.5;-25.0517578125
39;42800;VEV_4000;1242;9;1240;18;;;1263;9;1266;18;;;1252.5;-25.116455078125
39;42900;VEV_4000;1243;11;1240;15;;;1253;4;1264;11;1266;15;1248.0;-24.6932373046875
39;43000;VEV_4000;1242;15;1240;29;;;1263;15;1266;29;;;1252.5;-25.12744140625
39;43100;VEV_4000;1242;10;1240;18;;;1263;10;1266;18;;;1252.5;-25.0701904296875
39;43200;VEV_4000;1242;9;1240;17;;;1264;9;1266;17;;;1253.0;-24.9884033203125
39;43300;VEV_4000;1242;12;1240;16;;;1263;12;1266;16;;;1252.5;-25.2110595703125
39;43400;VEV_4000;1243;7;1241;23;;;1264;7;1267;23;;;1253.5;-24.1827392578125
39;43500;VEV_4000;1241;12;1239;30;;;1262;12;1265;30;;;1251.5;-26.05859375
39;43600;VEV_4000;1242;13;1239;27;;;1263;13;1266;27;;;1252.5;-25.48779296875
39;43700;VEV_4000;1241;7;1239;17;;;1262;7;1265;17;;;1251.5;-26.443359375
39;43800;VEV_4000;1240;12;1237;29;;;1261;12;1263;29;;;1250.5;-27.8612060546875
39;43900;VEV_4000;1240;15;1238;25;;;1261;15;1264;25;;;1250.5;-27.1810302734375
39;44000;VEV_4000;1241;7;1238;19;;;1262;7;1264;19;;;1251.5;-26.58984375
39;44100;VEV_4000;1242;11;1240;15;;;1264;11;1266;15;;;1253.0;-24.9981689453125
39;44200;VEV_4000;1243;14;1241;15;;;1264;14;1267;15;;;1253.5;-24.10205078125
39;44300;VEV_4000;1244;11;1241;19;;;1265;11;1267;19;;;1254.5;-23.8214111328125
39;44400;VEV_4000;1244;13;1242;29;;;1265;13;1268;29;;;1254.5;-23.0810546875
39;44500;VEV_4000;1245;7;1243;16;;;1266;7;1269;16;;;1255.5;-22.1900634765625
39;44600;VEV_4000;1246;12;1244;22;;;1268;12;1270;22;;;1257.0;-21.0482177734375
39;44700;VEV_4000;1247;9;1245;24;;;1268;9;1271;24;;;1257.5;-20.37255859375
39;44800;VEV_4000;1248;13;1245;17;;;1269;13;1271;17;;;1258.5;-19.9154052734375
39;44900;VEV_4000;1248;15;1245;27;;;1269;15;1271;27;;;1258.5;-19.774169921875
39;45000;VEV_4000;1248;9;1245;24;;;1269;9;1272;24;;;1258.5;-19.558837890625
39;45100;VEV_4000;1248;10;1245;22;;;1258;5;1269;10;1271;22;1253.0;-19.9229736328125
39;45200;VEV_4000;1247;7;1244;15;;;1268;7;1270;15;;;1257.5;-20.6484375
39;45300;VEV_4000;1245;11;1243;26;;;1266;11;1269;26;;;1255.5;-22.273681640625
39;45400;VEV_4000;1244;13;1242;17;;;1266;13;1268;17;;;1255.0;-22.96826171875
39;45500;VEV_4000;1246;13;1243;15;;;1267;13;1269;15;;;1256.5;-21.8104248046875
39;45600;VEV_4000;1246;8;1243;19;;;1267;8;1269;19;;;1256.5;-21.851318359375
39;45700;VEV_4000;1245;14;1242;30;;;1266;14;1269;30;;;1255.5;-22.528564453125
39;45800;VEV_4000;1245;13;1242;30;;;1266;13;1268;30;;;1255.5;-22.8236083984375
39;45900;VEV_4000;1245;11;1242;17;;;1266;11;1269;17;;;1255.5;-22.51220703125
39;46000;VEV_4000;1245;12;1242;26;;;1266;12;1268;26;;;1255.5;-22.75
39;46100;VEV_4000;1244;12;1242;18;;;1265;12;1268;18;;;1254.5;-23.2421875
39;46200;VEV_4000;1245;8;1243;28;;;1266;8;1269;28;;;1255.5;-22.385009765625
39;46300;VEV_4000;1246;11;1244;19;;;1267;11;1270;19;;;1256.5;-21.264404296875
39;46400;VEV_4000;1247;12;1245;19;;;1268;12;1271;19;;;1257.5;-20.423583984375
39;46500;VEV_4000;1247;7;1244;19;;;1268;7;1270;19;;;1257.5;-20.8302001953125
39;46600;VEV_4000;1247;11;1245;17;;;1268;11;1271;17;;;1257.5;-20.28076171875
39;46700;VEV_4000;1247;11;1245;16;;;1268;11;1271;16;;;1257.5;-20.08544921875
39;46800;VEV_4000;1248;9;1245;25;;;1269;9;1271;25;;;1258.5;-19.852783203125
39;46900;VEV_4000;1248;10;1245;15;;;1269;10;1271;15;;;1258.5;-19.7236328125
39;47000;VEV_4000;1248;7;1246;25;;;1269;7;1272;25;;;1258.5;-19.293701171875
39;47100;VEV_4000;1249;9;1246;26;;;1270;9;1272;26;;;1259.5;-18.8837890625
39;47200;VEV_4000;1249;7;1246;17;;;1270;7;1272;17;;;1259.5;-18.713623046875
39;47300;VEV_4000;1247;14;1245;29;;;1269;14;1271;29;;;1258.0;-19.983642578125
39;47400;VEV_4000;1248;10;1246;21;;;1269;10;1272;21;;;1258.5;-19.1416015625
39;47500;VEV_4000;1249;14;1247;23;;;1270;14;1273;23;;;1259.5;-18.259033203125
39;47600;VEV_4000;1249;15;1247;16;;;1270;15;1273;16;;;1259.5;-18.0966796875
39;47700;VEV_4000;1248;7;1246;28;;;1269;7;1272;28;;;1258.5;-19.0792236328125
39;47800;VEV_4000;1248;12;1245;15;;;1269;12;1272;15;;;1258.5;-19.544189453125
39;47900;VEV_4000;1248;12;1246;16;;;1269;12;1272;16;;;1258.5;-19.3232421875
39;48000;VEV_4000;1249;9;1246;16;;;1270;9;1273;16;;;1259.5;-18.5921630859375
39;48100;VEV_4000;1248;12;1245;30;;;1269;12;1271;30;;;1258.5;-19.7711181640625
39;48200;VEV_4000;1249;9;1247;18;;;1270;9;1273;18;;;1259.5;-18.3868408203125
39;48300;VEV_4000;1248;11;1246;26;;;1270;11;1272;26;;;1259.0;-19.0372314453125
39;48400;VEV_4000;1248;7;1246;19;;;1269;7;1272;19;;;1258.5;-19.3272705078125
39;48500;VEV_4000;1249;13;1246;22;;;1270;13;1272;22;;;1259.5;-18.738525390625
39;48600;VEV_4000;1249;9;1246;24;;;1270;9;1272;24;;;1259.5;-18.7275390625
39;48700;VEV_4000;1249;11;1246;20;;;1270;11;1272;20;;;1259.5;-18.8927001953125
39;48800;VEV_4000;1248;14;1245;22;;;1269;14;1272;22;;;1258.5;-19.517578125
39;48900;VEV_4000;1248;15;1245;16;;;1269;15;1271;16;;;1258.5;-19.9349365234375
39;49000;VEV_4000;1247;8;1245;20;;;1268;8;1271;20;;;1257.5;-20.361572265625
39;49100;VEV_4000;1248;10;1245;20;;;1269;10;1272;20;;;1258.5;-19.515380859375
39;49200;VEV_4000;1247;7;1245;26;;;1268;7;1271;26;;;1257.5;-20.120849609375
39;49300;VEV_4000;1248;8;1246;17;;;1269;8;1272;17;;;1258.5;-19.3687744140625
39;49400;VEV_4000;1249;10;1247;18;;;1270;10;1273;18;;;1259.5;-18.1722412109375
39;49500;VEV_4000;1248;10;1246;27;;;1269;10;1272;27;;;1258.5;-19.2481689453125
39;49600;VEV_4000;1248;7;1245;16;;;1269;7;1271;16;;;1258.5;-19.679443359375
39;49700;VEV_4000;1248;9;1246;16;;;1270;9;1272;16;;;1259.0;-18.9339599609375
39;49800;VEV_4000;1248;11;1246;28;;;1269;11;1272;28;;;1258.5;-19.15771484375
39;49900;VEV_4000;1250;12;1247;16;;;1271;12;1273;16;;;1260.5;-17.653076171875
39;50000;VEV_4000;1250;10;1247;19;;;1271;10;1273;19;;;1260.5;-17.633056640625
39;50100;VEV_4000;1250;9;1248;20;;;1271;9;1274;20;;;1260.5;-17.240234375
39;50200;VEV_4000;1249;13;1246;30;;;1270;13;1272;30;;;1259.5;-18.7696533203125
39;50300;VEV_4000;1248;11;1246;29;;;1270;11;1272;29;;;1259.0;-19.035400390625
39;50400;VEV_4000;1250;12;1247;28;;;1271;12;1273;28;;;1260.5;-17.8232421875
39;50500;VEV_4000;1249;15;1247;29;;;1270;15;1273;29;;;1259.5;-18.2923583984375
39;50600;VEV_4000;1251;11;1248;29;;;1272;11;1274;29;;;1261.5;-16.738037109375
39;50700;VEV_4000;1251;8;1248;19;;;1272;8;1275;19;;;1261.5;-16.43359375
39;50800;VEV_4000;1253;10;1251;16;;;1275;10;1277;16;;;1264.0;-14.0899658203125
39;50900;VEV_4000;1255;11;1252;24;;;1276;11;1278;24;;;1265.5;-12.8330078125
39;51000;VEV_4000;1253;11;1251;20;;;1275;11;1277;20;;;1264.0;-13.977294921875
39;51100;VEV_4000;1253;15;1251;19;;;1275;15;1277;19;;;1264.0;-14.1004638671875
39;51200;VEV_4000;1252;7;1250;28;;;1274;7;1276;28;;;1263.0;-15.0150146484375
39;51300;VEV_4000;1254;12;1251;30;;;1275;12;1278;30;;;1264.5;-13.5350341796875
39;51400;VEV_4000;1254;11;1251;16;;;1275;11;1277;16;;;1264.5;-13.781005859375
39;51500;VEV_4000;1252;15;1250;16;;;1273;15;1276;16;;;1262.5;-15.1279296875
39;51600;VEV_4000;1254;12;1251;21;;;1275;12;1277;21;;;1264.5;-13.820556640625
39;51700;VEV_4000;1252;7;1249;28;;;1273;7;1276;28;;;1262.5;-15.5966796875
39;51800;VEV_4000;1252;8;1249;29;;;1273;8;1276;29;;;1262.5;-15.499755859375
39;51900;VEV_4000;1251;10;1248;15;;;1272;10;1275;15;;;1261.5;-16.42041015625
39;52000;VEV_4000;1251;9;1248;26;;;1272;9;1275;26;;;1261.5;-16.5809326171875
39;52100;VEV_4000;1252;10;1249;25;;;1273;10;1275;25;;;1262.5;-15.6927490234375
39;52200;VEV_4000;1251;10;1249;16;;;1272;10;1275;16;;;1261.5;-16.296875
39;52300;VEV_4000;1252;9;1249;18;;;1273;9;1275;18;;;1262.5;-15.7991943359375
39;52400;VEV_4000;1251;8;1249;27;;;1272;8;1275;27;;;1261.5;-16.099853515625
39;52500;VEV_4000;1250;10;1247;20;;;1271;10;1274;20;;;1260.5;-17.48388671875
39;52600;VEV_4000;1249;9;1247;24;;;1271;9;1273;24;;;1260.0;-17.919677734375
39;52700;VEV_4000;1249;7;1246;20;;;1270;7;1273;20;;;1259.5;-18.4940185546875
39;52800;VEV_4000;1249;11;1246;30;;;1270;11;1273;30;;;1259.5;-18.53857421875
39;52900;VEV_4000;1249;10;1246;29;;;1259;5;1270;10;1273;29;1254.0;-18.484375
39;53000;VEV_4000;1248;8;1246;15;;;1269;8;1272;15;;;1258.5;-19.15625
39;53100;VEV_4000;1250;12;1247;22;;;1271;12;1274;22;;;1260.5;-17.55517578125
39;53200;VEV_4000;1251;11;1248;16;;;1272;11;1274;16;;;1261.5;-16.7532958984375
39;53300;VEV_4000;1251;15;1249;22;;;1272;15;1275;22;;;1261.5;-16.2027587890625
39;53400;VEV_4000;1251;15;1248;21;;;1272;15;1275;21;;;1261.5;-16.4986572265625
39;53500;VEV_4000;1250;9;1248;26;;;1271;9;1274;26;;;1260.5;-17.2462158203125
39;53600;VEV_4000;1249;13;1247;26;;;1270;13;1273;26;;;1259.5;-18.239990234375
39;53700;VEV_4000;1248;7;1246;25;;;1270;7;1272;25;;;1259.0;-18.980224609375
39;53800;VEV_4000;1248;7;1246;16;;;1270;7;1272;16;;;1259.0;-19.0445556640625
39;53900;VEV_4000;1248;13;1245;30;;;1269;13;1271;30;;;1258.5;-19.7947998046875
39;54000;VEV_4000;1246;14;1244;21;;;1267;14;1270;21;;;1256.5;-21.35986328125
39;54100;VEV_4000;1248;10;1245;27;;;1269;10;1272;27;;;1258.5;-19.480224609375
39;54200;VEV_4000;1249;9;1247;29;;;1270;9;1273;29;;;1259.5;-18.2109375
39;54300;VEV_4000;1249;14;1246;28;;;1270;14;1272;28;;;1259.5;-18.8441162109375
39;54400;VEV_4000;1249;7;1246;15;;;1270;7;1272;15;;;1259.5;-18.732177734375
39;54500;VEV_4000;1250;9;1247;18;;;1271;9;1274;18;;;1260.5;-17.4390869140625
39;54600;VEV_4000;1250;12;1247;26;;;1271;12;1274;26;;;1260.5;-17.47119140625
39;54700;VEV_4000;1248;14;1246;15;;;1269;14;1272;15;;;1258.5;-19.1925048828125
39;54800;VEV_4000;1248;7;1246;30;;;1269;7;1272;30;;;1258.5;-19.2393798828125
39;54900;VEV_4000;1247;11;1244;20;;;1268;11;1271;20;;;1257.5;-20.5269775390625
39;55000;VEV_4000;1247;10;1245;24;;;1268;10;1271;24;;;1257.5;-20.23046875
39;55100;VEV_4000;1248;9;1246;25;;;1269;9;1272;25;;;1258.5;-19.2813720703125
39;55200;VEV_4000;1247;9;1244;21;;;1268;9;1270;21;;;1257.5;-20.799560546875
39;55300;VEV_4000;1245;7;1243;17;;;1266;7;1269;17;;;1255.5;-22.2716064453125
39;55400;VEV_4000;1246;12;1243;27;;;1267;12;1269;27;;;1256.5;-21.601806640625
39;55500;VEV_4000;1246;12;1243;19;;;1267;12;1269;19;;;1256.5;-21.66845703125
39;55600;VEV_4000;1245;12;1243;22;;;1266;12;1269;22;;;1255.5;-22.270751953125
39;55700;VEV_4000;1246;8;1243;19;;;1267;8;1270;19;;;1256.5;-21.54833984375
39;55800;VEV_4000;1245;7;1242;21;;;1266;7;1268;21;;;1255.5;-22.663330078125
39;55900;VEV_4000;1245;7;1242;22;;;1266;7;1268;22;;;1255.5;-22.7755126953125
39;56000;VEV_4000;1243;9;1241;23;;;1264;9;1267;23;;;1253.5;-24.1185302734375
39;56100;VEV_4000;1244;14;1242;19;;;1265;14;1268;19;;;1254.5;-23.275634765625
39;56200;VEV_4000;1243;7;1240;19;;;1264;7;1266;19;;;1253.5;-24.862060546875
39;56300;VEV_4000;1241;15;1238;25;;;1262;15;1265;25;;;1251.5;-26.4930419921875
39;56400;VEV_4000;1241;7;1239;24;;;1262;7;1265;24;;;1251.5;-26.343017578125
39;56500;VEV_4000;1242;7;1239;29;;;1263;7;1265;29;;;1252.5;-25.754150390625
39;56600;VEV_4000;1241;15;1239;22;;;1262;15;1265;22;;;1251.5;-26.104736328125
39;56700;VEV_4000;1241;8;1238;26;;;1262;8;1264;26;;;1251.5;-26.912841796875
39;56800;VEV_4000;1241;7;1239;20;;;1262;7;1265;20;;;1251.5;-26.0987548828125
39;56900;VEV_4000;1242;15;1240;23;;;1263;15;1266;23;;;1252.5;-25.3775634765625
39;57000;VEV_4000;1241;13;1238;21;;;1262;13;1264;21;;;1251.5;-26.8792724609375
39;57100;VEV_4000;1239;15;1237;16;;;1260;15;1263;16;;;1249.5;-28.3526611328125
39;57200;VEV_4000;1239;12;1237;23;;;1260;12;1263;23;;;1249.5;-28.325439453125
39;57300;VEV_4000;1238;8;1236;15;;;1259;8;1262;15;;;1248.5;-29.2694091796875
39;57400;VEV_4000;1238;7;1236;17;;;1259;7;1262;17;;;1248.5;-29.3953857421875
39;57500;VEV_4000;1239;12;1236;16;;;1260;12;1262;16;;;1249.5;-28.8905029296875
39;57600;VEV_4000;1238;10;1235;16;;;1259;10;1261;16;;;1248.5;-29.5211181640625
39;57700;VEV_4000;1238;9;1236;19;;;1259;9;1262;19;;;1248.5;-29.343994140625
39;57800;VEV_4000;1238;9;1236;25;;;1259;9;1262;25;;;1248.5;-29.3487548828125
39;57900;VEV_4000;1238;15;1236;15;;;1259;15;1262;15;;;1248.5;-29.47705078125
39;58000;VEV_4000;1237;14;1235;23;;;1258;14;1261;23;;;1247.5;-30.2476806640625
39;58100;VEV_4000;1238;7;1236;22;;;1259;7;1262;22;;;1248.5;-29.2657470703125
39;58200;VEV_4000;1240;14;1237;16;;;1261;14;1263;16;;;1250.5;-27.96533203125
39;58300;VEV_4000;1238;12;1236;25;;;1259;12;1262;25;;;1248.5;-29.43359375
39;58400;VEV_4000;1237;14;1234;17;;;1258;14;1260;17;;;1247.5;-30.75732421875
39;58500;VEV_4000;1237;15;1234;16;;;1258;15;1260;16;;;1247.5;-30.8018798828125
39;58600;VEV_4000;1237;13;1234;29;;;1258;13;1260;29;;;1247.5;-30.76025390625
39;58700;VEV_4000;1235;7;1232;16;;;1256;7;1258;16;;;1245.5;-32.559326171875
39;58800;VEV_4000;1233;10;1230;17;;;1254;10;1256;17;;;1243.5;-34.6888427734375
39;58900;VEV_4000;1232;12;1230;21;;;1253;12;1255;21;;;1242.5;-35.4403076171875
39;59000;VEV_4000;1233;8;1230;18;;;1253;8;1256;18;;;1243.0;-34.985107421875
39;59100;VEV_4000;1232;7;1229;23;;;1253;7;1255;23;;;1242.5;-35.7581787109375
39;59200;VEV_4000;1231;12;1228;18;;;1252;12;1254;18;;;1241.5;-36.7203369140625
39;59300;VEV_4000;1233;11;1230;25;;;1253;11;1256;25;;;1243.0;-35.0445556640625
39;59400;VEV_4000;1232;13;1230;15;;;1253;13;1255;15;;;1242.5;-35.4739990234375
39;59500;VEV_4000;1231;14;1229;16;;;1252;14;1254;16;;;1241.5;-36.4541015625
39;59600;VEV_4000;1231;8;1228;19;;;1252;8;1254;19;;;1241.5;-36.84033203125
39;59700;VEV_4000;1231;8;1228;19;;;1252;8;1254;19;;;1241.5;-36.861083984375
39;59800;VEV_4000;1232;15;1229;24;;;1253;15;1255;24;;;1242.5;-35.62890625
39;59900;VEV_4000;1231;8;1229;19;;;1252;8;1255;19;;;1241.5;-36.286865234375
39;60000;VEV_4000;1233;7;1230;19;;;1254;7;1256;19;;;1243.5;-34.7322998046875
39;60100;VEV_4000;1232;8;1230;16;;;1253;8;1256;16;;;1242.5;-35.27734375
39;60200;VEV_4000;1232;14;1230;20;;;1253;14;1256;20;;;1242.5;-35.260986328125
39;60300;VEV_4000;1232;10;1229;17;;;1253;10;1255;17;;;1242.5;-35.7633056640625
39;60400;VEV_4000;1234;7;1231;30;;;1254;7;1257;30;;;1244.0;-34.0362548828125
39;60500;VEV_4000;1234;9;1231;26;;;1255;9;1257;26;;;1244.5;-33.8914794921875
39;60600;VEV_4000;1235;10;1232;24;;;1256;10;1258;24;;;1245.5;-32.5882568359375
39;60700;VEV_4000;1235;7;1232;25;;;1256;7;1258;25;;;1245.5;-32.755615234375
39;60800;VEV_4000;1236;11;1233;22;;;1257;11;1259;22;;;1246.5;-31.559814453125
39;60900;VEV_4000;1236;13;1233;26;;;1257;13;1259;26;;;1246.5;-31.891845703125
39;61000;VEV_4000;1236;14;1233;21;;;1257;14;1259;21;;;1246.5;-31.77392578125
39;61100;VEV_4000;1237;10;1235;25;;;1258;10;1260;25;;;1247.5;-30.4898681640625
39;61200;VEV_4000;1238;8;1236;22;;;1259;8;1262;22;;;1248.5;-29.4063720703125
39;61300;VEV_4000;1238;10;1236;26;;;1259;10;1261;26;;;1248.5;-29.488037109375
39;61400;VEV_4000;1248;3;1238;13;1235;30;1259;13;1261;30;;;1253.5;-29.6651611328125
39;61500;VEV_4000;1237;14;1235;23;;;1258;14;1261;23;;;1247.5;-30.2655029296875
39;61600;VEV_4000;1237;8;1234;20;;;1258;8;1260;20;;;1247.5;-30.5650634765625
39;61700;VEV_4000;1238;15;1236;29;;;1259;15;1262;29;;;1248.5;-29.3526611328125
39;61800;VEV_4000;1238;8;1236;29;;;1259;8;1262;29;;;1248.5;-29.0601806640625
39;61900;VEV_4000;1239;12;1237;17;;;1260;12;1263;17;;;1249.5;-28.2978515625
39;62000;VEV_4000;1238;13;1236;22;;;1259;13;1262;22;;;1248.5;-29.20849609375
39;62100;VEV_4000;1238;10;1235;19;;;1259;10;1261;19;;;1248.5;-29.95849609375
39;62200;VEV_4000;1238;12;1235;22;;;1259;12;1261;22;;;1248.5;-29.574462890625
39;62300;VEV_4000;1237;15;1235;17;;;1258;15;1261;17;;;1247.5;-30.0206298828125
39;62400;VEV_4000;1237;9;1235;23;;;1258;9;1261;23;;;1247.5;-30.1851806640625
39;62500;VEV_4000;1238;12;1235;25;;;1259;12;1261;25;;;1248.5;-29.774169921875
39;62600;VEV_4000;1238;15;1236;28;;;1259;15;1262;28;;;1248.5;-29.0728759765625
39;62700;VEV_4000;1239;14;1237;22;;;1260;14;1263;22;;;1249.5;-28.2745361328125
39;62800;VEV_4000;1239;10;1236;25;;;1260;10;1262;25;;;1249.5;-28.807373046875
39;62900;VEV_4000;1239;15;1236;15;;;1260;15;1262;15;;;1249.5;-28.7198486328125
39;63000;VEV_4000;1239;7;1236;19;;;1260;7;1262;19;;;1249.5;-28.868408203125
39;63100;VEV_4000;1239;14;1236;16;;;1260;14;1262;16;;;1249.5;-28.9063720703125
39;63200;VEV_4000;1241;8;1239;29;;;1262;8;1265;29;;;1251.5;-26.2720947265625
39;63300;VEV_4000;1241;11;1238;28;;;1262;11;1264;28;;;1251.5;-26.76806640625
39;63400;VEV_4000;1242;14;1240;23;;;1263;14;1266;23;;;1252.5;-25.3880615234375
39;63500;VEV_4000;1242;10;1239;26;;;1263;10;1265;26;;;1252.5;-25.5498046875
39;63600;VEV_4000;1242;13;1239;18;;;1263;13;1265;18;;;1252.5;-25.591064453125
39;63700;VEV_4000;1240;10;1238;21;;;1261;10;1264;21;;;1250.5;-27.0689697265625
39;63800;VEV_4000;1241;9;1239;28;;;1262;9;1265;28;;;1251.5;-26.44921875
39;63900;VEV_4000;1240;7;1238;30;;;1261;7;1264;30;;;1250.5;-27.4630126953125
39;64000;VEV_4000;1241;14;1239;27;;;1263;14;1265;27;;;1252.0;-26.00537109375
39;64100;VEV_4000;1241;13;1239;28;;;1262;13;1265;28;;;1251.5;-26.0958251953125
39;64200;VEV_4000;1242;13;1240;21;;;1263;13;1266;21;;;1252.5;-25.18408203125
39;64300;VEV_4000;1241;14;1239;20;;;1263;14;1265;20;;;1252.0;-25.9925537109375
39;64400;VEV_4000;1243;9;1240;21;;;1264;9;1267;21;;;1253.5;-24.48681640625
39;64500;VEV_4000;1243;8;1240;23;;;1264;8;1266;23;;;1253.5;-24.800537109375
39;64600;VEV_4000;1243;10;1241;25;;;1265;10;1267;25;;;1254.0;-24.018310546875
39;64700;VEV_4000;1242;8;1239;27;;;1263;8;1265;27;;;1252.5;-25.7122802734375
39;64800;VEV_4000;1241;10;1239;24;;;1262;10;1265;24;;;1251.5;-26.45068359375
39;64900;VEV_4000;1241;8;1238;18;;;1262;8;1264;18;;;1251.5;-26.831787109375
39;65000;VEV_4000;1239;11;1237;19;;;1260;11;1263;19;;;1249.5;-28.3187255859375
39;65100;VEV_4000;1240;13;1238;28;;;1261;13;1264;28;;;1250.5;-27.2994384765625
39;65200;VEV_4000;1240;13;1238;27;;;1261;13;1264;27;;;1250.5;-27.2513427734375
39;65300;VEV_4000;1251;5;1241;11;1239;21;1262;11;1265;21;;;1256.5;-26.46142578125
39;65400;VEV_4000;1241;7;1238;26;;;1262;7;1264;26;;;1251.5;-26.7698974609375
39;65500;VEV_4000;1241;8;1239;28;;;1262;8;1265;28;;;1251.5;-26.1510009765625
39;65600;VEV_4000;1243;12;1240;29;;;1264;12;1266;29;;;1253.5;-24.914794921875
39;65700;VEV_4000;1243;9;1240;25;;;1264;9;1266;25;;;1253.5;-24.598876953125
39;65800;VEV_4000;1242;9;1240;18;;;1263;9;1266;18;;;1252.5;-25.401611328125
39;65900;VEV_4000;1242;12;1240;16;;;1263;12;1266;16;;;1252.5;-25.407958984375
39;66000;VEV_4000;1241;13;1238;19;;;1262;13;1264;19;;;1251.5;-26.639404296875
39;66100;VEV_4000;1242;9;1240;24;;;1263;9;1266;24;;;1252.5;-25.23193359375
39;66200;VEV_4000;1242;13;1239;16;;;1263;13;1266;16;;;1252.5;-25.5115966796875
39;66300;VEV_4000;1242;13;1239;22;;;1263;13;1265;22;;;1252.5;-25.9283447265625
39;66400;VEV_4000;1240;12;1238;28;;;1261;12;1264;28;;;1250.5;-27.139404296875
39;66500;VEV_4000;1241;14;1238;19;;;1262;14;1264;19;;;1251.5;-26.681396484375
39;66600;VEV_4000;1243;13;1240;20;;;1264;13;1266;20;;;1253.5;-24.8824462890625
39;66700;VEV_4000;1244;11;1242;19;;;1265;11;1268;19;;;1254.5;-23.3167724609375
39;66800;VEV_4000;1245;8;1242;27;;;1266;8;1268;27;;;1255.5;-22.88623046875
39;66900;VEV_4000;1244;12;1242;24;;;1265;12;1268;24;;;1254.5;-23.3304443359375
39;67000;VEV_4000;1245;12;1242;18;;;1266;12;1268;18;;;1255.5;-22.9251708984375
39;67100;VEV_4000;1246;8;1243;23;;;1267;8;1269;23;;;1256.5;-21.9500732421875
39;67200;VEV_4000;1246;9;1243;22;;;1267;9;1269;22;;;1256.5;-21.7559814453125
39;67300;VEV_4000;1245;12;1243;20;;;1266;12;1269;20;;;1255.5;-22.1517333984375
39;67400;VEV_4000;1246;9;1244;18;;;1267;9;1270;18;;;1256.5;-21.230712890625
39;67500;VEV_4000;1247;12;1244;24;;;1268;12;1271;24;;;1257.5;-20.50390625
39;67600;VEV_4000;1249;15;1246;27;;;1270;15;1272;27;;;1259.5;-18.7841796875
39;67700;VEV_4000;1249;12;1247;22;;;1270;12;1273;22;;;1259.5;-18.2100830078125
39;67800;VEV_4000;1249;12;1246;26;;;1270;12;1272;26;;;1259.5;-18.8226318359375
39;67900;VEV_4000;1249;9;1246;30;;;1270;9;1272;30;;;1259.5;-18.86767578125
39;68000;VEV_4000;1249;12;1247;19;;;1270;12;1273;19;;;1259.5;-18.3314208984375
39;68100;VEV_4000;1249;7;1246;21;;;1270;7;1272;21;;;1259.5;-18.7086181640625
39;68200;VEV_4000;1248;8;1246;25;;;1269;8;1272;25;;;1258.5;-19.2322998046875
39;68300;VEV_4000;1248;8;1245;27;;;1269;8;1271;27;;;1258.5;-19.64013671875
39;68400;VEV_4000;1247;8;1244;26;;;1268;8;1271;26;;;1257.5;-20.446533203125
39;68500;VEV_4000;1246;15;1244;19;;;1267;15;1270;19;;;1256.5;-21.27001953125
39;68600;VEV_4000;1245;11;1243;22;;;1266;11;1269;22;;;1255.5;-22.2169189453125
39;68700;VEV_4000;1245;15;1242;30;;;1266;15;1268;30;;;1255.5;-22.699462890625
39;68800;VEV_4000;1243;8;1241;30;;;1264;8;1267;30;;;1253.5;-24.1197509765625
39;68900;VEV_4000;1243;13;1240;18;;;1264;13;1266;18;;;1253.5;-24.677001953125
39;69000;VEV_4000;1244;8;1242;24;;;1265;8;1268;24;;;1254.5;-23.132080078125
39;69100;VEV_4000;1244;12;1241;24;;;1265;12;1267;24;;;1254.5;-23.668701171875
39;69200;VEV_4000;1243;8;1241;23;;;1264;8;1267;23;;;1253.5;-24.426513671875
39;69300;VEV_4000;1244;13;1241;23;;;1265;13;1268;23;;;1254.5;-23.5340576171875
39;69400;VEV_4000;1243;7;1240;23;;;1264;7;1266;23;;;1253.5;-24.822021484375
39;69500;VEV_4000;1245;13;1242;15;;;1266;13;1268;15;;;1255.5;-22.757568359375
39;69600;VEV_4000;1247;11;1245;23;;;1268;11;1271;23;;;1257.5;-20.3597412109375
39;69700;VEV_4000;1246;15;1243;29;;;1267;15;1270;29;;;1256.5;-21.4827880859375
39;69800;VEV_4000;1246;13;1244;19;;;1267;13;1270;19;;;1256.5;-21.345947265625
39;69900;VEV_4000;1247;10;1245;18;;;1268;10;1271;18;;;1257.5;-20.3798828125
39;70000;VEV_4000;1247;13;1245;17;;;1268;13;1271;17;;;1257.5;-20.138916015625
39;70100;VEV_4000;1246;7;1243;27;;;1267;7;1270;27;;;1256.5;-21.48095703125
39;70200;VEV_4000;1246;10;1243;21;;;1267;10;1269;21;;;1256.5;-21.691162109375
39;70300;VEV_4000;1247;11;1244;29;;;1268;11;1271;29;;;1257.5;-20.546142578125
39;70400;VEV_4000;1247;10;1245;15;;;1268;10;1271;15;;;1257.5;-20.228271484375
39;70500;VEV_4000;1247;13;1245;25;;;1269;13;1271;25;;;1258.0;-20.06005859375
39;70600;VEV_4000;1246;15;1243;19;;;1267;15;1269;19;;;1256.5;-21.8150634765625
39;70700;VEV_4000;1246;14;1244;30;;;1267;14;1270;30;;;1256.5;-21.37060546875
39;70800;VEV_4000;1246;11;1243;15;;;1267;11;1269;15;;;1256.5;-21.9227294921875
39;70900;VEV_4000;1245;7;1243;15;;;1267;7;1269;15;;;1256.0;-22.0460205078125
39;71000;VEV_4000;1244;7;1242;25;;;1265;7;1268;25;;;1254.5;-23.331787109375
39;71100;VEV_4000;1244;11;1242;23;;;1265;11;1268;23;;;1254.5;-23.18994140625
39;71200;VEV_4000;1244;9;1241;15;;;1265;9;1267;15;;;1254.5;-23.9573974609375
39;71300;VEV_4000;1244;12;1241;15;;;1265;12;1267;15;;;1254.5;-23.71826171875
39;71400;VEV_4000;1241;12;1239;20;;;1262;12;1265;20;;;1251.5;-26.0247802734375
39;71500;VEV_4000;1241;15;1239;21;;;1262;15;1265;21;;;1251.5;-26.08251953125
39;71600;VEV_4000;1242;9;1239;26;;;1263;9;1265;26;;;1252.5;-25.7161865234375
39;71700;VEV_4000;1242;9;1239;21;;;1263;9;1265;21;;;1252.5;-25.613525390625
39;71800;VEV_4000;1244;8;1241;17;;;1265;8;1267;17;;;1254.5;-23.68115234375
39;71900;VEV_4000;1242;8;1240;17;;;1263;8;1266;17;;;1252.5;-25.0694580078125
39;72000;VEV_4000;1244;13;1242;17;;;1265;13;1268;17;;;1254.5;-23.159423828125
39;72100;VEV_4000;1245;15;1243;28;;;1266;15;1269;28;;;1255.5;-22.2950439453125
39;72200;VEV_4000;1247;8;1244;22;;;1268;8;1270;22;;;1257.5;-20.82763671875
39;72300;VEV_4000;1247;11;1244;22;;;1268;11;1270;22;;;1257.5;-20.904052734375
39;72400;VEV_4000;1247;13;1244;30;;;1268;13;1270;30;;;1257.5;-20.7974853515625
39;72500;VEV_4000;1248;10;1245;20;;;1269;10;1271;20;;;1258.5;-19.7039794921875
39;72600;VEV_4000;1248;7;1246;15;;;1270;7;1272;15;;;1259.0;-19.0517578125
39;72700;VEV_4000;1248;7;1246;18;;;1269;7;1272;18;;;1258.5;-19.32080078125
39;72800;VEV_4000;1248;11;1246;21;;;1269;11;1272;21;;;1258.5;-19.2110595703125
39;72900;VEV_4000;1247;11;1245;17;;;1268;11;1271;17;;;1257.5;-20.1773681640625
39;73000;VEV_4000;1247;10;1244;29;;;1268;10;1271;29;;;1257.5;-20.50390625
39;73100;VEV_4000;1248;14;1246;17;;;1269;14;1272;17;;;1258.5;-19.302490234375
39;73200;VEV_4000;1247;8;1244;29;;;1268;8;1270;29;;;1257.5;-20.93017578125
39;73300;VEV_4000;1246;15;1243;22;;;1267;15;1269;22;;;1256.5;-21.706298828125
39;73400;VEV_4000;1245;8;1243;27;;;1266;8;1269;27;;;1255.5;-22.245849609375
39;73500;VEV_4000;1245;7;1242;23;;;1266;7;1268;23;;;1255.5;-22.907958984375
39;73600;VEV_4000;1245;11;1243;30;;;1266;11;1269;30;;;1255.5;-22.3316650390625
39;73700;VEV_4000;1246;7;1243;18;;;1267;7;1270;18;;;1256.5;-21.459716796875
39;73800;VEV_4000;1246;7;1243;17;;;1267;7;1269;17;;;1256.5;-21.8974609375
39;73900;VEV_4000;1247;14;1244;29;;;1268;14;1270;29;;;1257.5;-20.905517578125
39;74000;VEV_4000;1245;15;1242;27;;;1266;15;1269;27;;;1255.5;-22.4893798828125
39;74100;VEV_4000;1246;9;1243;26;;;1267;9;1269;26;;;1256.5;-21.8160400390625
39;74200;VEV_4000;1246;9;1243;29;;;1267;9;1269;29;;;1256.5;-21.741455078125
39;74300;VEV_4000;1246;13;1244;30;;;1268;13;1270;30;;;1257.0;-20.9671630859375
39;74400;VEV_4000;1246;9;1244;19;;;1267;9;1270;19;;;1256.5;-21.2872314453125
39;74500;VEV_4000;1246;9;1243;24;;;1267;9;1269;24;;;1256.5;-21.744384765625
39;74600;VEV_4000;1246;8;1243;15;;;1267;8;1269;15;;;1256.5;-21.7510986328125
39;74700;VEV_4000;1245;8;1243;18;;;1267;8;1269;18;;;1256.0;-21.9609375
39;74800;VEV_4000;1245;10;1242;19;;;1266;10;1269;19;;;1255.5;-22.54443359375
39;74900;VEV_4000;1245;11;1243;19;;;1266;11;1269;19;;;1255.5;-22.2178955078125
39;75000;VEV_4000;1246;14;1243;19;;;1267;14;1269;19;;;1256.5;-21.8170166015625
39;75100;VEV_4000;1244;11;1242;28;;;1265;11;1268;28;;;1254.5;-23.2296142578125
39;75200;VEV_4000;1245;15;1242;30;;;1255;4;1266;15;1268;30;1250.0;-22.61083984375
39;75300;VEV_4000;1244;15;1241;15;;;1265;15;1267;15;;;1254.5;-23.75634765625
39;75400;VEV_4000;1246;13;1243;21;;;1267;13;1269;21;;;1256.5;-21.613037109375
39;75500;VEV_4000;1246;15;1243;16;;;1267;15;1269;16;;;1256.5;-21.7874755859375
39;75600;VEV_4000;1246;9;1243;16;;;1267;9;1269;16;;;1256.5;-21.781494140625
39;75700;VEV_4000;1245;8;1242;22;;;1266;8;1268;22;;;1255.5;-22.7677001953125
39;75800;VEV_4000;1245;7;1242;17;;;1266;7;1268;17;;;1255.5;-22.6651611328125
39;75900;VEV_4000;1244;7;1242;24;;;1265;7;1268;24;;;1254.5;-23.2183837890625
39;76000;VEV_4000;1245;15;1243;16;;;1266;15;1269;16;;;1255.5;-22.1201171875
39;76100;VEV_4000;1245;15;1243;24;;;1266;15;1269;24;;;1255.5;-22.1737060546875
39;76200;VEV_4000;1243;15;1240;26;;;1264;15;1267;26;;;1253.5;-24.485595703125
39;76300;VEV_4000;1244;9;1242;23;;;1265;9;1268;23;;;1254.5;-23.1044921875
39;76400;VEV_4000;1244;15;1242;21;;;1266;15;1268;21;;;1255.0;-23.0186767578125
39;76500;VEV_4000;1245;15;1242;16;;;1266;15;1268;16;;;1255.5;-22.9246826171875
39;76600;VEV_4000;1244;11;1242;28;;;1266;11;1268;28;;;1255.0;-22.9852294921875
39;76700;VEV_4000;1244;13;1242;29;;;1266;13;1268;29;;;1255.0;-22.9794921875
39;76800;VEV_4000;1243;13;1241;27;;;1264;13;1267;27;;;1253.5;-24.064453125
39;76900;VEV_4000;1243;8;1240;24;;;1264;8;1266;24;;;1253.5;-24.7510986328125
39;77000;VEV_4000;1243;12;1240;20;;;1264;12;1266;20;;;1253.5;-24.7813720703125
39;77100;VEV_4000;1242;15;1239;29;;;1263;15;1265;29;;;1252.5;-25.6256103515625
39;77200;VEV_4000;1242;14;1239;22;;;1263;14;1265;22;;;1252.5;-25.750732421875
39;77300;VEV_4000;1241;12;1238;30;;;1262;12;1264;30;;;1251.5;-26.6015625
39;77400;VEV_4000;1241;14;1239;30;;;1262;14;1265;30;;;1251.5;-26.4276123046875
39;77500;VEV_4000;1243;7;1240;28;;;1264;7;1266;28;;;1253.5;-24.80029296875
39;77600;VEV_4000;1243;13;1240;23;;;1264;13;1266;23;;;1253.5;-24.6156005859375
39;77700;VEV_4000;1243;9;1240;24;;;1264;9;1266;24;;;1253.5;-24.8984375
39;77800;VEV_4000;1244;11;1241;15;;;1265;11;1268;15;;;1254.5;-23.5323486328125
39;77900;VEV_4000;1245;10;1242;27;;;1266;10;1268;27;;;1255.5;-22.603271484375
39;78000;VEV_4000;1243;8;1241;29;;;1264;8;1267;29;;;1253.5;-24.341796875
39;78100;VEV_4000;1246;14;1243;20;;;1267;14;1269;20;;;1256.5;-21.7489013671875
39;78200;VEV_4000;1245;7;1243;22;;;1266;7;1269;22;;;1255.5;-22.2998046875
39;78300;VEV_4000;1244;8;1241;24;;;1265;8;1267;24;;;1254.5;-23.6298828125
39;78400;VEV_4000;1244;15;1241;29;;;1265;15;1267;29;;;1254.5;-23.553466796875
39;78500;VEV_4000;1243;7;1241;19;;;1265;7;1267;19;;;1254.0;-23.96826171875
39;78600;VEV_4000;1243;9;1240;29;;;1264;9;1266;29;;;1253.5;-24.576171875
39;78700;VEV_4000;1243;8;1241;16;;;1264;8;1267;16;;;1253.5;-24.3206787109375
39;78800;VEV_4000;1254;4;1244;11;1242;22;1265;11;1268;22;;;1259.5;-23.118408203125
39;78900;VEV_4000;1245;8;1243;23;;;1267;8;1269;23;;;1256.0;-21.975341796875
39;79000;VEV_4000;1245;7;1243;21;;;1267;7;1269;21;;;1256.0;-21.97998046875
39;79100;VEV_4000;1245;7;1243;24;;;1266;7;1269;24;;;1255.5;-22.2012939453125
39;79200;VEV_4000;1246;14;1243;15;;;1267;14;1269;15;;;1256.5;-21.881591796875
39;79300;VEV_4000;1247;14;1245;26;;;1257;5;1268;14;1271;26;1252.0;-20.3399658203125
39;79400;VEV_4000;1247;15;1245;17;;;1268;15;1271;17;;;1257.5;-20.37548828125
39;79500;VEV_4000;1246;12;1244;28;;;1267;12;1270;28;;;1256.5;-21.0985107421875
39;79600;VEV_4000;1248;12;1245;19;;;1269;12;1271;19;;;1258.5;-19.820068359375
39;79700;VEV_4000;1246;13;1243;18;;;1267;13;1270;18;;;1256.5;-21.5474853515625
39;79800;VEV_4000;1247;10;1244;17;;;1268;10;1270;17;;;1257.5;-20.9205322265625
39;79900;VEV_4000;1247;12;1245;24;;;1268;12;1271;24;;;1257.5;-20.4173583984375
39;80000;VEV_4000;1249;9;1246;30;;;1270;9;1273;30;;;1259.5;-18.4573974609375
39;80100;VEV_4000;1251;8;1249;19;;;1272;8;1275;19;;;1261.5;-16.362060546875
39;80200;VEV_4000;1250;8;1248;19;;;1271;8;1274;19;;;1260.5;-17.2523193359375
39;80300;VEV_4000;1250;9;1248;22;;;1271;9;1274;22;;;1260.5;-17.2467041015625
39;80400;VEV_4000;1252;9;1249;24;;;1273;9;1275;24;;;1262.5;-15.6363525390625
39;80500;VEV_4000;1252;13;1250;21;;;1273;13;1276;21;;;1262.5;-15.1741943359375
39;80600;VEV_4000;1252;8;1250;21;;;1273;8;1276;21;;;1262.5;-15.3695068359375
39;80700;VEV_4000;1252;9;1249;24;;;1273;9;1275;24;;;1262.5;-15.8643798828125
39;80800;VEV_4000;1253;8;1251;18;;;1274;8;1277;18;;;1263.5;-14.2022705078125
39;80900;VEV_4000;1253;15;1251;22;;;1274;15;1277;22;;;1263.5;-14.2733154296875
39;81000;VEV_4000;1254;11;1251;15;;;1275;11;1278;15;;;1264.5;-13.4849853515625
39;81100;VEV_4000;1254;10;1252;23;;;1275;10;1278;23;;;1264.5;-13.316650390625
39;81200;VEV_4000;1254;9;1252;16;;;1276;9;1278;16;;;1265.0;-12.931396484375
39;81300;VEV_4000;1254;12;1251;17;;;1275;12;1278;17;;;1264.5;-13.3653564453125
39;81400;VEV_4000;1254;13;1252;15;;;1275;13;1278;15;;;1264.5;-13.162841796875
39;81500;VEV_4000;1255;9;1253;27;;;1277;9;1279;27;;;1266.0;-11.95068359375
39;81600;VEV_4000;1255;10;1253;23;;;1277;10;1279;23;;;1266.0;-12.0150146484375
39;81700;VEV_4000;1255;8;1252;15;;;1276;8;1279;15;;;1265.5;-12.5548095703125
39;81800;VEV_4000;1255;15;1253;21;;;1276;15;1279;21;;;1265.5;-12.192626953125
39;81900;VEV_4000;1257;13;1254;29;;;1278;13;1280;29;;;1267.5;-10.7393798828125
39;82000;VEV_4000;1259;7;1256;22;;;1280;7;1282;22;;;1269.5;-8.756103515625
39;82100;VEV_4000;1260;10;1257;29;;;1281;10;1284;29;;;1270.5;-7.37939453125
39;82200;VEV_4000;1261;11;1259;17;;;1283;11;1285;17;;;1272.0;-5.997802734375
39;82300;VEV_4000;1261;12;1259;26;;;1283;12;1285;26;;;1272.0;-5.898193359375
39;82400;VEV_4000;1261;15;1259;26;;;1283;15;1285;26;;;1272.0;-5.833251953125
39;82500;VEV_4000;1260;15;1257;15;;;1281;15;1284;15;;;1270.5;-7.378662109375
39;82600;VEV_4000;1261;8;1259;27;;;1282;8;1285;27;;;1271.5;-6.24462890625
39;82700;VEV_4000;1260;9;1258;25;;;1281;9;1284;25;;;1270.5;-7.27392578125
39;82800;VEV_4000;1259;15;1256;29;;;1280;15;1283;29;;;1269.5;-8.60205078125
39;82900;VEV_4000;1257;11;1255;20;;;1279;11;1281;20;;;1268.0;-10.0057373046875
39;83000;VEV_4000;1257;11;1255;18;;;1279;11;1281;18;;;1268.0;-9.96435546875
39;83100;VEV_4000;1256;9;1254;15;;;1278;9;1280;15;;;1267.0;-11.044677734375
39;83200;VEV_4000;1256;12;1253;15;;;1277;12;1279;15;;;1266.5;-11.8131103515625
39;83300;VEV_4000;1255;11;1253;27;;;1276;11;1279;27;;;1265.5;-12.1663818359375
39;83400;VEV_4000;1257;10;1254;22;;;1278;10;1280;22;;;1267.5;-10.8565673828125
39;83500;VEV_4000;1258;12;1255;17;;;1279;12;1281;17;;;1268.5;-9.7406005859375
39;83600;VEV_4000;1257;11;1255;25;;;1278;11;1281;25;;;1267.5;-10.170654296875
39;83700;VEV_4000;1256;13;1254;21;;;1278;13;1280;21;;;1267.0;-10.989990234375
39;83800;VEV_4000;1258;8;1255;26;;;1279;8;1282;26;;;1268.5;-9.6527099609375
39;83900;VEV_4000;1258;13;1255;26;;;1279;13;1282;26;;;1268.5;-9.503662109375
39;84000;VEV_4000;1258;10;1255;30;;;1279;10;1281;30;;;1268.5;-9.7757568359375
39;84100;VEV_4000;1258;14;1256;27;;;1280;14;1282;27;;;1269.0;-8.9517822265625
39;84200;VEV_4000;1258;15;1256;21;;;1280;15;1282;21;;;1269.0;-8.983154296875
39;84300;VEV_4000;1259;8;1256;15;;;1280;8;1282;15;;;1269.5;-8.7955322265625
39;84400;VEV_4000;1260;8;1258;20;;;1282;8;1284;20;;;1271.0;-7.1409912109375
39;84500;VEV_4000;1262;12;1260;18;;;1284;12;1286;18;;;1273.0;-5.1761474609375
39;84600;VEV_4000;1263;8;1260;25;;;1284;8;1287;25;;;1273.5;-4.4710693359375
39;84700;VEV_4000;1265;10;1262;16;;;1286;10;1289;16;;;1275.5;-2.6981201171875
39;84800;VEV_4000;1263;12;1260;18;;;1284;12;1287;18;;;1273.5;-4.29638671875
39;84900;VEV_4000;1260;10;1258;28;;;1282;10;1284;28;;;1271.0;-7.0142822265625
39;85000;VEV_4000;1259;15;1256;22;;;1280;15;1283;22;;;1269.5;-8.5361328125
39;85100;VEV_4000;1258;12;1255;16;;;1279;12;1281;16;;;1268.5;-9.7105712890625
39;85200;VEV_4000;1258;11;1255;26;;;1279;11;1282;26;;;1268.5;-9.6322021484375
39;85300;VEV_4000;1258;8;1255;17;;;1279;8;1282;17;;;1268.5;-9.6756591796875
39;85400;VEV_4000;1258;10;1255;16;;;1279;10;1281;16;;;1268.5;-9.69580078125
39;85500;VEV_4000;1260;10;1257;22;;;1281;10;1283;22;;;1270.5;-7.710205078125
39;85600;VEV_4000;1260;14;1257;25;;;1281;14;1283;25;;;1270.5;-7.7904052734375
39;85700;VEV_4000;1261;8;1258;15;;;1282;8;1285;15;;;1271.5;-6.5802001953125
39;85800;VEV_4000;1259;14;1256;15;;;1280;14;1283;15;;;1269.5;-8.591552734375
39;85900;VEV_4000;1258;8;1255;21;;;1279;8;1281;21;;;1268.5;-9.83837890625
39;86000;VEV_4000;1258;15;1256;29;;;1279;15;1282;29;;;1268.5;-9.199462890625
39;86100;VEV_4000;1259;11;1257;30;;;1280;11;1283;30;;;1269.5;-8.2025146484375
39;86200;VEV_4000;1259;10;1256;22;;;1280;10;1283;22;;;1269.5;-8.5318603515625
39;86300;VEV_4000;1258;9;1256;26;;;1280;9;1282;26;;;1269.0;-8.8609619140625
39;86400;VEV_4000;1259;7;1257;23;;;1281;7;1283;23;;;1270.0;-8.1036376953125
39;86500;VEV_4000;1260;13;1257;24;;;1281;13;1283;24;;;1270.5;-7.8341064453125
39;86600;VEV_4000;1258;14;1256;22;;;1280;14;1282;22;;;1269.0;-9.09375
39;86700;VEV_4000;1257;10;1255;21;;;1279;10;1281;21;;;1268.0;-10.1160888671875
39;86800;VEV_4000;1257;10;1254;17;;;1278;10;1281;17;;;1267.5;-10.34033203125
39;86900;VEV_4000;1258;8;1256;23;;;1280;8;1282;23;;;1269.0;-8.9940185546875
39;87000;VEV_4000;1258;7;1256;20;;;1279;7;1282;20;;;1268.5;-9.1986083984375
39;87100;VEV_4000;1259;10;1257;27;;;1281;10;1283;27;;;1270.0;-7.9228515625
39;87200;VEV_4000;1259;12;1257;18;;;1280;12;1283;18;;;1269.5;-8.2216796875
39;87300;VEV_4000;1260;8;1257;15;;;1281;8;1284;15;;;1270.5;-7.3375244140625
39;87400;VEV_4000;1260;7;1257;25;;;1281;7;1284;25;;;1270.5;-7.374267578125
39;87500;VEV_4000;1260;14;1257;25;;;1281;14;1284;25;;;1270.5;-7.3177490234375
39;87600;VEV_4000;1260;9;1258;17;;;1282;9;1284;17;;;1271.0;-7.10986328125
39;87700;VEV_4000;1260;9;1257;15;;;1281;9;1284;15;;;1270.5;-7.647216796875
39;87800;VEV_4000;1260;12;1257;26;;;1281;12;1283;26;;;1270.5;-7.798095703125
39;87900;VEV_4000;1260;14;1258;28;;;1282;14;1284;28;;;1271.0;-6.964599609375
39;88000;VEV_4000;1260;14;1257;23;;;1281;14;1283;23;;;1270.5;-7.7069091796875
39;88100;VEV_4000;1258;7;1256;18;;;1280;7;1282;18;;;1269.0;-9.0460205078125
39;88200;VEV_4000;1258;9;1256;24;;;1280;9;1282;24;;;1269.0;-9.12451171875
39;88300;VEV_4000;1257;15;1255;15;;;1279;15;1281;15;;;1268.0;-10.03076171875
39;88400;VEV_4000;1257;7;1255;24;;;1279;7;1281;24;;;1268.0;-9.9130859375
39;88500;VEV_4000;1259;7;1256;27;;;1280;7;1283;27;;;1269.5;-8.6392822265625
39;88600;VEV_4000;1259;9;1257;24;;;1280;9;1283;24;;;1269.5;-8.1806640625
39;88700;VEV_4000;1259;10;1257;21;;;1280;10;1283;21;;;1269.5;-8.2286376953125
39;88800;VEV_4000;1259;12;1257;20;;;1280;12;1283;20;;;1269.5;-8.2017822265625
39;88900;VEV_4000;1260;13;1257;17;;;1281;13;1284;17;;;1270.5;-7.3919677734375
39;89000;VEV_4000;1259;10;1256;22;;;1280;10;1282;22;;;1269.5;-8.804443359375
39;89100;VEV_4000;1258;8;1255;25;;;1279;8;1282;25;;;1268.5;-9.63623046875
39;89200;VEV_4000;1259;13;1257;25;;;1281;13;1283;25;;;1270.0;-8.0855712890625
39;89300;VEV_4000;1259;9;1256;24;;;1280;9;1283;24;;;1269.5;-8.5521240234375
39;89400;VEV_4000;1259;9;1256;21;;;1280;9;1283;21;;;1269.5;-8.5718994140625
39;89500;VEV_4000;1258;13;1256;18;;;1280;13;1282;18;;;1269.0;-9.1153564453125
39;89600;VEV_4000;1258;10;1255;28;;;1279;10;1281;28;;;1268.5;-9.76611328125
39;89700;VEV_4000;1256;7;1254;17;;;1277;7;1280;17;;;1266.5;-11.3265380859375
39;89800;VEV_4000;1257;10;1254;27;;;1278;10;1281;27;;;1267.5;-10.4228515625
39;89900;VEV_4000;1258;10;1255;27;;;1279;10;1282;27;;;1268.5;-9.6822509765625
39;90000;VEV_4000;1258;10;1255;24;;;1279;10;1282;24;;;1268.5;-9.365234375
39;90100;VEV_4000;1258;7;1255;19;;;1279;7;1281;19;;;1268.5;-9.70361328125
39;90200;VEV_4000;1258;10;1255;28;;;1279;10;1282;28;;;1268.5;-9.6278076171875
39;90300;VEV_4000;1257;8;1255;18;;;1279;8;1281;18;;;1268.0;-9.8985595703125
39;90400;VEV_4000;1258;10;1256;22;;;1280;10;1282;22;;;1269.0;-9.0184326171875
39;90500;VEV_4000;1258;7;1256;26;;;1279;7;1282;26;;;1268.5;-9.3065185546875
39;90600;VEV_4000;1257;14;1254;20;;;1278;14;1281;20;;;1267.5;-10.3648681640625
39;90700;VEV_4000;1257;9;1254;15;;;1278;9;1280;15;;;1267.5;-10.7215576171875
39;90800;VEV_4000;1255;14;1253;15;;;1276;14;1279;15;;;1265.5;-12.276611328125
39;90900;VEV_4000;1256;7;1253;15;;;1277;7;1279;15;;;1266.5;-11.7474365234375
39;91000;VEV_4000;1254;13;1252;26;;;1276;13;1278;26;;;1265.0;-12.988037109375
39;91100;VEV_4000;1255;15;1252;25;;;1276;15;1278;25;;;1265.5;-12.8231201171875
39;91200;VEV_4000;1255;8;1252;30;;;1276;8;1278;30;;;1265.5;-12.8277587890625
39;91300;VEV_4000;1256;9;1253;25;;;1277;9;1280;25;;;1266.5;-11.367431640625
39;91400;VEV_4000;1258;7;1255;18;;;1279;7;1281;18;;;1268.5;-9.7340087890625
39;91500;VEV_4000;1257;12;1254;20;;;1278;12;1281;20;;;1267.5;-10.5634765625
39;91600;VEV_4000;1257;15;1255;26;;;1279;15;1281;26;;;1268.0;-10.03564453125
39;91700;VEV_4000;1256;14;1253;19;;;1277;14;1280;19;;;1266.5;-11.380859375
39;91800;VEV_4000;1256;13;1254;18;;;1277;13;1280;18;;;1266.5;-11.251708984375
39;91900;VEV_4000;1255;12;1253;30;;;1277;12;1279;30;;;1266.0;-11.9012451171875
39;92000;VEV_4000;1258;12;1255;19;;;1279;12;1282;19;;;1268.5;-9.3577880859375
39;92100;VEV_4000;1257;7;1254;15;;;1278;7;1280;15;;;1267.5;-10.8118896484375
39;92200;VEV_4000;1257;15;1255;23;;;1279;15;1281;23;;;1268.0;-9.876708984375
39;92300;VEV_4000;1256;12;1254;27;;;1278;12;1280;27;;;1267.0;-10.93017578125
39;92400;VEV_4000;1256;15;1254;27;;;1278;15;1280;27;;;1267.0;-10.8828125
39;92500;VEV_4000;1257;15;1255;25;;;1278;15;1281;25;;;1267.5;-10.2857666015625
39;92600;VEV_4000;1258;14;1255;25;;;1279;14;1281;25;;;1268.5;-9.82275390625
39;92700;VEV_4000;1258;10;1255;30;;;1279;10;1282;30;;;1268.5;-9.397216796875
39;92800;VEV_4000;1259;13;1257;23;;;1281;13;1283;23;;;1270.0;-8.0535888671875
39;92900;VEV_4000;1260;8;1257;15;;;1281;8;1284;15;;;1270.5;-7.323486328125
39;93000;VEV_4000;1260;15;1258;28;;;1282;15;1284;28;;;1271.0;-7.133056640625
39;93100;VEV_4000;1260;13;1258;25;;;1282;13;1284;25;;;1271.0;-7.0672607421875
39;93200;VEV_4000;1259;10;1256;23;;;1280;10;1283;23;;;1269.5;-8.46826171875
39;93300;VEV_4000;1258;9;1256;17;;;1280;9;1282;17;;;1269.0;-9.0390625
39;93400;VEV_4000;1257;7;1255;26;;;1279;7;1281;26;;;1268.0;-9.8927001953125
39;93500;VEV_4000;1258;9;1255;23;;;1279;9;1282;23;;;1268.5;-9.325439453125
39;93600;VEV_4000;1257;11;1255;19;;;1278;11;1281;19;;;1267.5;-10.2630615234375
39;93700;VEV_4000;1257;12;1254;20;;;1278;12;1281;20;;;1267.5;-10.5533447265625
39;93800;VEV_4000;1259;10;1257;30;;;1280;10;1283;30;;;1269.5;-8.1954345703125
39;93900;VEV_4000;1260;10;1258;25;;;1282;10;1284;25;;;1271.0;-6.9429931640625
39;94000;VEV_4000;1259;12;1257;22;;;1281;12;1283;22;;;1270.0;-8.0928955078125
39;94100;VEV_4000;1258;15;1255;28;;;1279;15;1281;28;;;1268.5;-9.734130859375
39;94200;VEV_4000;1258;14;1255;18;;;1279;14;1282;18;;;1268.5;-9.60009765625
39;94300;VEV_4000;1258;13;1255;30;;;1279;13;1282;30;;;1268.5;-9.3721923828125
39;94400;VEV_4000;1257;11;1255;16;;;1278;11;1281;16;;;1267.5;-10.1480712890625
39;94500;VEV_4000;1257;11;1255;25;;;1279;11;1281;25;;;1268.0;-10.0135498046875
39;94600;VEV_4000;1257;15;1254;28;;;1278;15;1280;28;;;1267.5;-10.7967529296875
39;94700;VEV_4000;1255;13;1252;23;;;1276;13;1279;23;;;1265.5;-12.36083984375
39;94800;VEV_4000;1254;9;1251;23;;;1275;9;1277;23;;;1264.5;-13.7598876953125
39;94900;VEV_4000;1254;8;1251;17;;;1275;8;1278;17;;;1264.5;-13.504150390625
39;95000;VEV_4000;1254;14;1251;21;;;1275;14;1278;21;;;1264.5;-13.4642333984375
39;95100;VEV_4000;1254;10;1252;26;;;1275;10;1278;26;;;1264.5;-13.1234130859375
39;95200;VEV_4000;1251;15;1249;30;;;1273;15;1275;30;;;1262.0;-16.0452880859375
39;95300;VEV_4000;1250;11;1248;15;;;1272;11;1274;15;;;1261.0;-16.9970703125
39;95400;VEV_4000;1251;12;1249;27;;;1273;12;1275;27;;;1262.0;-16.0894775390625
39;95500;VEV_4000;1252;9;1249;21;;;1273;9;1276;21;;;1262.5;-15.55908203125
39;95600;VEV_4000;1252;11;1250;26;;;1273;11;1276;26;;;1262.5;-15.3426513671875
39;95700;VEV_4000;1252;9;1250;27;;;1273;9;1276;27;;;1262.5;-15.348388671875
39;95800;VEV_4000;1251;10;1248;24;;;1272;10;1275;24;;;1261.5;-16.41845703125
39;95900;VEV_4000;1251;10;1249;22;;;1272;10;1275;22;;;1261.5;-16.3060302734375
39;96000;VEV_4000;1251;14;1248;17;;;1272;14;1275;17;;;1261.5;-16.5086669921875
39;96100;VEV_4000;1251;7;1249;27;;;1272;7;1275;27;;;1261.5;-16.0965576171875
39;96200;VEV_4000;1253;7;1250;18;;;1274;7;1277;18;;;1263.5;-14.6151123046875
39;96300;VEV_4000;1254;9;1251;26;;;1275;9;1278;26;;;1264.5;-13.357666015625
39;96400;VEV_4000;1255;8;1253;20;;;1276;8;1279;20;;;1265.5;-12.159912109375
39;96500;VEV_4000;1254;10;1251;24;;;1275;10;1277;24;;;1264.5;-13.6563720703125
39;96600;VEV_4000;1252;12;1250;20;;;1274;12;1276;20;;;1263.0;-15.0455322265625
39;96700;VEV_4000;1253;8;1251;19;;;1274;8;1277;19;;;1263.5;-14.3282470703125
39;96800;VEV_4000;1252;12;1250;15;;;1274;12;1276;15;;;1263.0;-14.952880859375
39;96900;VEV_4000;1254;14;1251;20;;;1275;14;1277;20;;;1264.5;-13.7103271484375
39;97000;VEV_4000;1253;12;1250;30;;;1274;12;1277;30;;;1263.5;-14.4573974609375
39;97100;VEV_4000;1252;9;1249;29;;;1273;9;1276;29;;;1262.5;-15.61962890625
39;97200;VEV_4000;1252;14;1249;30;;;1273;14;1276;30;;;1262.5;-15.541748046875
39;97300;VEV_4000;1251;12;1248;28;;;1272;12;1275;28;;;1261.5;-16.58740234375
39;97400;VEV_4000;1250;13;1248;26;;;1271;13;1274;26;;;1260.5;-17.289794921875
39;97500;VEV_4000;1251;15;1248;19;;;1272;15;1275;19;;;1261.5;-16.456787109375
39;97600;VEV_4000;1251;7;1249;19;;;1272;7;1275;19;;;1261.5;-16.3707275390625
39;97700;VEV_4000;1251;7;1248;25;;;1272;7;1274;25;;;1261.5;-16.737548828125
39;97800;VEV_4000;1250;8;1248;15;;;1272;8;1274;15;;;1261.0;-16.998779296875
39;97900;VEV_4000;1251;12;1248;15;;;1272;12;1274;15;;;1261.5;-16.68115234375
39;98000;VEV_4000;1252;14;1249;23;;;1273;14;1276;23;;;1262.5;-15.51025390625
39;98100;VEV_4000;1254;12;1251;28;;;1275;12;1278;28;;;1264.5;-13.5609130859375
39;98200;VEV_4000;1255;14;1253;26;;;1276;14;1279;26;;;1265.5;-12.2252197265625
39;98300;VEV_4000;1255;13;1252;15;;;1276;13;1279;15;;;1265.5;-12.4100341796875
39;98400;VEV_4000;1254;10;1251;29;;;1275;10;1278;29;;;1264.5;-13.5504150390625
39;98500;VEV_4000;1254;12;1251;26;;;1275;12;1278;26;;;1264.5;-13.5899658203125
39;98600;VEV_4000;1255;8;1253;25;;;1276;8;1279;25;;;1265.5;-12.1368408203125
39;98700;VEV_4000;1254;12;1252;15;;;1276;12;1278;15;;;1265.0;-13.093505859375
39;98800;VEV_4000;1254;15;1251;29;;;1275;15;1278;29;;;1264.5;-13.611572265625
39;98900;VEV_4000;1254;11;1252;20;;;1275;11;1278;20;;;1264.5;-13.190185546875
39;99000;VEV_4000;1255;10;1252;26;;;1276;10;1278;26;;;1265.5;-12.7752685546875
39;99100;VEV_4000;1254;7;1251;19;;;1275;7;1277;19;;;1264.5;-13.8516845703125
39;99200;VEV_4000;1253;14;1251;16;;;1275;14;1277;16;;;1264.0;-13.9598388671875
39;99300;VEV_4000;1253;14;1250;26;;;1274;14;1276;26;;;1263.5;-14.7032470703125
39;99400;VEV_4000;1254;10;1251;21;;;1275;10;1278;21;;;1264.5;-13.4091796875
39;99500;VEV_4000;1253;8;1251;19;;;1275;8;1277;19;;;1264.0;-14.0447998046875
39;99600;VEV_4000;1253;14;1251;24;;;1274;14;1277;24;;;1263.5;-14.2657470703125
39;99700;VEV_4000;1252;14;1250;17;;;1273;14;1276;17;;;1262.5;-15.2247314453125
39;99800;VEV_4000;1253;13;1251;21;;;1275;13;1277;21;;;1264.0;-14.074951171875
39;99900;VEV_4000;1253;15;1251;29;;;1275;15;1277;29;;;1264.0;-13.922607421875
