timestamp,buyer,seller,symbol,currency,price,quantity,day,product,is_burst,n_trades,ex_mid,fwd20_ex
4500,Mark 01,Mark 22,VEV_5400,XIRECS,18.0,2,1,VEV_5400,True,4,5254.5,-4.0
4500,Mark 01,Mark 22,VEV_5500,XIRECS,8.0,2,1,VEV_5500,True,4,5254.5,-4.0
4500,Mark 01,Mark 22,VEV_6000,XIRECS,0.0,2,1,VEV_6000,True,4,5254.5,-4.0
4500,Mark 01,Mark 22,VEV_6500,XIRECS,0.0,2,1,VEV_6500,True,4,5254.5,-4.0
9600,Mark 01,Mark 22,VEV_5400,XIRECS,16.0,4,1,VEV_5400,True,4,5246.5,-5.0
9600,Mark 01,Mark 22,VEV_5500,XIRECS,7.0,4,1,VEV_5500,True,4,5246.5,-5.0
9600,Mark 01,Mark 22,VEV_6000,XIRECS,0.0,4,1,VEV_6000,True,4,5246.5,-5.0
9600,Mark 01,Mark 22,VEV_6500,XIRECS,0.0,4,1,VEV_6500,True,4,5246.5,-5.0
11800,Mark 01,Mark 22,VEV_5500,XIRECS,7.0,4,1,VEV_5500,True,3,5241.5,-3.0
11800,Mark 01,Mark 22,VEV_6000,XIRECS,0.0,4,1,VEV_6000,True,3,5241.5,-3.0
11800,Mark 01,Mark 22,VEV_6500,XIRECS,0.0,4,1,VEV_6500,True,3,5241.5,-3.0
14800,Mark 01,Mark 22,VEV_5300,XIRECS,42.0,4,1,VEV_5300,True,6,5234.5,-4.0
14800,Mark 01,Mark 22,VEV_5400,XIRECS,14.0,4,1,VEV_5400,True,6,5234.5,-4.0
14800,Mark 01,Mark 22,VEV_5500,XIRECS,6.0,4,1,VEV_5500,True,6,5234.5,-4.0
14800,Mark 01,Mark 22,VEV_6000,XIRECS,0.0,4,1,VEV_6000,True,6,5234.5,-4.0
14800,Mark 01,Mark 22,VEV_6500,XIRECS,0.0,4,1,VEV_6500,True,6,5234.5,-4.0
16700,Mark 01,Mark 22,VEV_5300,XIRECS,41.0,2,1,VEV_5300,True,6,5231.5,-4.5
16700,Mark 01,Mark 22,VEV_5400,XIRECS,14.0,2,1,VEV_5400,True,6,5231.5,-4.5
16700,Mark 01,Mark 22,VEV_5500,XIRECS,6.0,2,1,VEV_5500,True,6,5231.5,-4.5
16700,Mark 01,Mark 22,VEV_6000,XIRECS,0.0,2,1,VEV_6000,True,6,5231.5,-4.5
16700,Mark 01,Mark 22,VEV_6500,XIRECS,0.0,2,1,VEV_6500,True,6,5231.5,-4.5
38500,Mark 01,Mark 22,VEV_5500,XIRECS,6.0,5,1,VEV_5500,True,3,5231.5,2.0
38500,Mark 01,Mark 22,VEV_6000,XIRECS,0.0,5,1,VEV_6000,True,3,5231.5,2.0
38500,Mark 01,Mark 22,VEV_6500,XIRECS,0.0,5,1,VEV_6500,True,3,5231.5,2.0
40400,Mark 01,Mark 22,VEV_5300,XIRECS,41.0,4,1,VEV_5300,True,5,5233.5,-2.0
40400,Mark 01,Mark 22,VEV_5400,XIRECS,14.0,4,1,VEV_5400,True,5,5233.5,-2.0
40400,Mark 01,Mark 22,VEV_5500,XIRECS,6.0,4,1,VEV_5500,True,5,5233.5,-2.0
40400,Mark 01,Mark 22,VEV_6000,XIRECS,0.0,4,1,VEV_6000,True,5,5233.5,-2.0
40400,Mark 01,Mark 22,VEV_6500,XIRECS,0.0,4,1,VEV_6500,True,5,5233.5,-2.0
43400,Mark 01,Mark 22,VEV_5400,XIRECS,13.0,5,1,VEV_5400,True,4,5231.5,8.5
43400,Mark 01,Mark 22,VEV_5500,XIRECS,6.0,5,1,VEV_5500,True,4,5231.5,8.5
43400,Mark 01,Mark 22,VEV_6000,XIRECS,0.0,5,1,VEV_6000,True,4,5231.5,8.5
43400,Mark 01,Mark 22,VEV_6500,XIRECS,0.0,5,1,VEV_6500,True,4,5231.5,8.5
50700,Mark 01,Mark 22,VEV_5400,XIRECS,16.0,5,1,VEV_5400,True,4,5244.0,2.0
50700,Mark 01,Mark 22,VEV_5500,XIRECS,7.0,5,1,VEV_5500,True,4,5244.0,2.0
50700,Mark 01,Mark 22,VEV_6000,XIRECS,0.0,5,1,VEV_6000,True,4,5244.0,2.0
50700,Mark 01,Mark 22,VEV_6500,XIRECS,0.0,5,1,VEV_6500,True,4,5244.0,2.0
52800,Mark 01,Mark 22,VEV_5400,XIRECS,16.0,3,1,VEV_5400,True,4,5247.5,-3.0
52800,Mark 01,Mark 22,VEV_5500,XIRECS,7.0,3,1,VEV_5500,True,4,5247.5,-3.0
52800,Mark 01,Mark 22,VEV_6000,XIRECS,0.0,3,1,VEV_6000,True,4,5247.5,-3.0
52800,Mark 01,Mark 22,VEV_6500,XIRECS,0.0,3,1,VEV_6500,True,4,5247.5,-3.0
53400,Mark 01,Mark 22,VEV_6000,XIRECS,0.0,2,1,VEV_6000,True,3,5242.5,5.0
53400,Mark 01,Mark 22,VEV_6500,XIRECS,0.0,2,1,VEV_6500,True,3,5242.5,5.0
74100,Mark 01,Mark 22,VEV_5300,XIRECS,42.0,3,1,VEV_5300,True,5,5235.5,3.0
74100,Mark 01,Mark 22,VEV_5400,XIRECS,14.0,3,1,VEV_5400,True,5,5235.5,3.0
74100,Mark 01,Mark 22,VEV_5500,XIRECS,6.0,3,1,VEV_5500,True,5,5235.5,3.0
74100,Mark 01,Mark 22,VEV_6000,XIRECS,0.0,3,1,VEV_6000,True,5,5235.5,3.0
74100,Mark 01,Mark 22,VEV_6500,XIRECS,0.0,3,1,VEV_6500,True,5,5235.5,3.0
85300,Mark 01,Mark 22,VEV_5400,XIRECS,14.0,2,1,VEV_5400,True,5,5235.0,4.5
85300,Mark 01,Mark 22,VEV_5500,XIRECS,6.0,2,1,VEV_5500,True,5,5235.0,4.5
85300,Mark 01,Mark 22,VEV_6000,XIRECS,0.0,2,1,VEV_6000,True,5,5235.0,4.5
85300,Mark 01,Mark 22,VEV_6500,XIRECS,0.0,2,1,VEV_6500,True,5,5235.0,4.5
86100,Mark 01,Mark 22,VEV_5400,XIRECS,14.0,5,1,VEV_5400,True,4,5237.0,3.5
86100,Mark 01,Mark 22,VEV_5500,XIRECS,6.0,5,1,VEV_5500,True,4,5237.0,3.5
86100,Mark 01,Mark 22,VEV_6000,XIRECS,0.0,5,1,VEV_6000,True,4,5237.0,3.5
86100,Mark 01,Mark 22,VEV_6500,XIRECS,0.0,5,1,VEV_6500,True,4,5237.0,3.5
89800,Mark 01,Mark 22,VEV_5300,XIRECS,45.0,4,1,VEV_5300,True,4,5243.5,-2.0
89800,Mark 01,Mark 22,VEV_5400,XIRECS,15.0,4,1,VEV_5400,True,4,5243.5,-2.0
89800,Mark 01,Mark 22,VEV_6000,XIRECS,0.0,4,1,VEV_6000,True,4,5243.5,-2.0
89800,Mark 01,Mark 22,VEV_6500,XIRECS,0.0,4,1,VEV_6500,True,4,5243.5,-2.0
120300,Mark 01,Mark 22,VEV_5400,XIRECS,18.0,4,1,VEV_5400,True,4,5257.5,6.5
120300,Mark 01,Mark 22,VEV_5500,XIRECS,8.0,4,1,VEV_5500,True,4,5257.5,6.5
120300,Mark 01,Mark 22,VEV_6000,XIRECS,0.0,4,1,VEV_6000,True,4,5257.5,6.5
120300,Mark 01,Mark 22,VEV_6500,XIRECS,0.0,4,1,VEV_6500,True,4,5257.5,6.5
127200,Mark 01,Mark 22,VEV_5500,XIRECS,8.0,3,1,VEV_5500,True,3,5264.0,0.5
127200,Mark 01,Mark 22,VEV_6000,XIRECS,0.0,3,1,VEV_6000,True,3,5264.0,0.5
127200,Mark 01,Mark 22,VEV_6500,XIRECS,0.0,3,1,VEV_6500,True,3,5264.0,0.5
135900,Mark 01,Mark 22,VEV_5300,XIRECS,52.0,3,1,VEV_5300,True,5,5263.0,-5.5
135900,Mark 01,Mark 22,VEV_5400,XIRECS,19.0,3,1,VEV_5400,True,5,5263.0,-5.5
135900,Mark 01,Mark 22,VEV_5500,XIRECS,8.0,3,1,VEV_5500,True,5,5263.0,-5.5
135900,Mark 01,Mark 22,VEV_6000,XIRECS,0.0,3,1,VEV_6000,True,5,5263.0,-5.5
135900,Mark 01,Mark 22,VEV_6500,XIRECS,0.0,3,1,VEV_6500,True,5,5263.0,-5.5
145500,Mark 01,Mark 22,VEV_5400,XIRECS,19.0,2,1,VEV_5400,True,4,5261.5,7.0
145500,Mark 01,Mark 22,VEV_5500,XIRECS,8.0,2,1,VEV_5500,True,4,5261.5,7.0
145500,Mark 01,Mark 22,VEV_6000,XIRECS,0.0,2,1,VEV_6000,True,4,5261.5,7.0
145500,Mark 01,Mark 22,VEV_6500,XIRECS,0.0,2,1,VEV_6500,True,4,5261.5,7.0
150600,Mark 01,Mark 22,VEV_5300,XIRECS,53.0,2,1,VEV_5300,True,5,5265.5,-9.0
150600,Mark 01,Mark 22,VEV_5400,XIRECS,20.0,2,1,VEV_5400,True,5,5265.5,-9.0
150600,Mark 01,Mark 22,VEV_5500,XIRECS,8.0,2,1,VEV_5500,True,5,5265.5,-9.0
150600,Mark 01,Mark 22,VEV_6000,XIRECS,0.0,2,1,VEV_6000,True,5,5265.5,-9.0
150600,Mark 01,Mark 22,VEV_6500,XIRECS,0.0,2,1,VEV_6500,True,5,5265.5,-9.0
153000,Mark 01,Mark 22,VEV_5400,XIRECS,18.0,4,1,VEV_5400,True,4,5256.5,-3.0
153000,Mark 01,Mark 22,VEV_5500,XIRECS,7.0,4,1,VEV_5500,True,4,5256.5,-3.0
153000,Mark 01,Mark 22,VEV_6000,XIRECS,0.0,4,1,VEV_6000,True,4,5256.5,-3.0
153000,Mark 01,Mark 22,VEV_6500,XIRECS,0.0,4,1,VEV_6500,True,4,5256.5,-3.0
170400,Mark 01,Mark 22,VEV_5400,XIRECS,17.0,5,1,VEV_5400,True,4,5249.5,-1.0
170400,Mark 01,Mark 22,VEV_5500,XIRECS,7.0,5,1,VEV_5500,True,4,5249.5,-1.0
170400,Mark 01,Mark 22,VEV_6000,XIRECS,0.0,5,1,VEV_6000,True,4,5249.5,-1.0
170400,Mark 01,Mark 22,VEV_6500,XIRECS,0.0,5,1,VEV_6500,True,4,5249.5,-1.0
170500,Mark 01,Mark 22,VEV_5500,XIRECS,7.0,3,1,VEV_5500,True,4,5248.5,1.0
170500,Mark 01,Mark 22,VEV_6000,XIRECS,0.0,3,1,VEV_6000,True,4,5248.5,1.0
170500,Mark 01,Mark 22,VEV_6500,XIRECS,0.0,3,1,VEV_6500,True,4,5248.5,1.0
172500,Mark 01,Mark 22,VEV_5300,XIRECS,46.0,5,1,VEV_5300,True,5,5249.5,-5.5
172500,Mark 01,Mark 22,VEV_5400,XIRECS,17.0,5,1,VEV_5400,True,5,5249.5,-5.5
172500,Mark 01,Mark 22,VEV_5500,XIRECS,7.0,5,1,VEV_5500,True,5,5249.5,-5.5
172500,Mark 01,Mark 22,VEV_6000,XIRECS,0.0,5,1,VEV_6000,True,5,5249.5,-5.5
172500,Mark 01,Mark 22,VEV_6500,XIRECS,0.0,5,1,VEV_6500,True,5,5249.5,-5.5
190100,Mark 01,Mark 22,VEV_5300,XIRECS,42.0,3,1,VEV_5300,True,5,5238.5,-1.5
190100,Mark 01,Mark 22,VEV_5400,XIRECS,15.0,3,1,VEV_5400,True,5,5238.5,-1.5
190100,Mark 01,Mark 22,VEV_5500,XIRECS,6.0,3,1,VEV_5500,True,5,5238.5,-1.5
190100,Mark 01,Mark 22,VEV_6000,XIRECS,0.0,3,1,VEV_6000,True,5,5238.5,-1.5
190100,Mark 01,Mark 22,VEV_6500,XIRECS,0.0,3,1,VEV_6500,True,5,5238.5,-1.5
195600,Mark 01,Mark 22,VEV_5300,XIRECS,41.0,3,1,VEV_5300,True,5,5235.5,1.0
195600,Mark 01,Mark 22,VEV_5400,XIRECS,14.0,3,1,VEV_5400,True,5,5235.5,1.0
195600,Mark 01,Mark 22,VEV_5500,XIRECS,6.0,3,1,VEV_5500,True,5,5235.5,1.0
195600,Mark 01,Mark 22,VEV_6000,XIRECS,0.0,3,1,VEV_6000,True,5,5235.5,1.0
195600,Mark 01,Mark 22,VEV_6500,XIRECS,0.0,3,1,VEV_6500,True,5,5235.5,1.0
206200,Mark 01,Mark 22,VEV_6000,XIRECS,0.0,3,1,VEV_6000,True,3,5244.5,3.5
206200,Mark 01,Mark 22,VEV_6500,XIRECS,0.0,3,1,VEV_6500,True,3,5244.5,3.5
235300,Mark 01,Mark 22,VEV_5400,XIRECS,16.0,3,1,VEV_5400,True,4,5245.5,5.0
235300,Mark 01,Mark 22,VEV_5500,XIRECS,7.0,3,1,VEV_5500,True,4,5245.5,5.0
235300,Mark 01,Mark 22,VEV_6000,XIRECS,0.0,3,1,VEV_6000,True,4,5245.5,5.0
235300,Mark 01,Mark 22,VEV_6500,XIRECS,0.0,3,1,VEV_6500,True,4,5245.5,5.0
252500,Mark 01,Mark 22,VEV_5300,XIRECS,53.0,2,1,VEV_5300,True,6,5264.5,0.0
252500,Mark 01,Mark 22,VEV_5400,XIRECS,19.0,2,1,VEV_5400,True,6,5264.5,0.0
252500,Mark 01,Mark 22,VEV_5500,XIRECS,8.0,2,1,VEV_5500,True,6,5264.5,0.0
252500,Mark 01,Mark 22,VEV_6000,XIRECS,0.0,2,1,VEV_6000,True,6,5264.5,0.0
252500,Mark 01,Mark 22,VEV_6500,XIRECS,0.0,2,1,VEV_6500,True,6,5264.5,0.0
304000,Mark 01,Mark 22,VEV_5400,XIRECS,19.0,3,1,VEV_5400,True,4,5266.0,-1.5
304000,Mark 01,Mark 22,VEV_5500,XIRECS,8.0,3,1,VEV_5500,True,4,5266.0,-1.5
304000,Mark 01,Mark 22,VEV_6000,XIRECS,0.0,3,1,VEV_6000,True,4,5266.0,-1.5
304000,Mark 01,Mark 22,VEV_6500,XIRECS,0.0,3,1,VEV_6500,True,4,5266.0,-1.5
310100,Mark 01,Mark 22,VEV_5500,XIRECS,8.0,5,1,VEV_5500,True,4,5268.5,-4.0
310100,Mark 01,Mark 22,VEV_6000,XIRECS,0.0,5,1,VEV_6000,True,4,5268.5,-4.0
310100,Mark 01,Mark 22,VEV_6500,XIRECS,0.0,5,1,VEV_6500,True,4,5268.5,-4.0
322000,Mark 01,Mark 22,VEV_5400,XIRECS,16.0,2,1,VEV_5400,True,4,5252.5,2.0
322000,Mark 01,Mark 22,VEV_5500,XIRECS,7.0,2,1,VEV_5500,True,4,5252.5,2.0
322000,Mark 01,Mark 22,VEV_6000,XIRECS,0.0,2,1,VEV_6000,True,4,5252.5,2.0
322000,Mark 01,Mark 22,VEV_6500,XIRECS,0.0,2,1,VEV_6500,True,4,5252.5,2.0
322600,Mark 01,Mark 22,VEV_5500,XIRECS,7.0,4,1,VEV_5500,True,4,5253.5,-4.0
322600,Mark 01,Mark 22,VEV_6000,XIRECS,0.0,4,1,VEV_6000,True,4,5253.5,-4.0
322600,Mark 01,Mark 22,VEV_6500,XIRECS,0.0,4,1,VEV_6500,True,4,5253.5,-4.0
350300,Mark 01,Mark 22,VEV_5400,XIRECS,15.0,4,1,VEV_5400,True,4,5246.5,-1.5
350300,Mark 01,Mark 22,VEV_5500,XIRECS,6.0,4,1,VEV_5500,True,4,5246.5,-1.5
350300,Mark 01,Mark 22,VEV_6000,XIRECS,0.0,4,1,VEV_6000,True,4,5246.5,-1.5
350300,Mark 01,Mark 22,VEV_6500,XIRECS,0.0,4,1,VEV_6500,True,4,5246.5,-1.5
376600,Mark 01,Mark 22,VEV_5300,XIRECS,46.0,5,1,VEV_5300,True,5,5246.5,2.0
376600,Mark 01,Mark 22,VEV_5400,XIRECS,15.0,5,1,VEV_5400,True,5,5246.5,2.0
376600,Mark 01,Mark 22,VEV_5500,XIRECS,6.0,5,1,VEV_5500,True,5,5246.5,2.0
376600,Mark 01,Mark 22,VEV_6000,XIRECS,0.0,5,1,VEV_6000,True,5,5246.5,2.0
376600,Mark 01,Mark 22,VEV_6500,XIRECS,0.0,5,1,VEV_6500,True,5,5246.5,2.0
377900,Mark 01,Mark 22,VEV_5500,XIRECS,6.0,2,1,VEV_5500,True,4,5248.5,3.0
377900,Mark 01,Mark 22,VEV_6000,XIRECS,0.0,2,1,VEV_6000,True,4,5248.5,3.0
377900,Mark 01,Mark 22,VEV_6500,XIRECS,0.0,2,1,VEV_6500,True,4,5248.5,3.0
399700,Mark 01,Mark 22,VEV_5400,XIRECS,14.0,5,1,VEV_5400,True,4,5240.5,5.0
399700,Mark 01,Mark 22,VEV_5500,XIRECS,6.0,5,1,VEV_5500,True,4,5240.5,5.0
399700,Mark 01,Mark 22,VEV_6000,XIRECS,0.0,5,1,VEV_6000,True,4,5240.5,5.0
399700,Mark 01,Mark 22,VEV_6500,XIRECS,0.0,5,1,VEV_6500,True,4,5240.5,5.0
410400,Mark 01,Mark 22,VEV_5400,XIRECS,13.0,3,1,VEV_5400,True,4,5235.5,0.0
410400,Mark 01,Mark 22,VEV_5500,XIRECS,5.0,3,1,VEV_5500,True,4,5235.5,0.0
410400,Mark 01,Mark 22,VEV_6000,XIRECS,0.0,3,1,VEV_6000,True,4,5235.5,0.0
410400,Mark 01,Mark 22,VEV_6500,XIRECS,0.0,3,1,VEV_6500,True,4,5235.5,0.0
428000,Mark 01,Mark 22,VEV_5400,XIRECS,13.0,2,1,VEV_5400,True,4,5232.5,-2.0
428000,Mark 01,Mark 22,VEV_5500,XIRECS,5.0,2,1,VEV_5500,True,4,5232.5,-2.0
428000,Mark 01,Mark 22,VEV_6000,XIRECS,0.0,2,1,VEV_6000,True,4,5232.5,-2.0
428000,Mark 01,Mark 22,VEV_6500,XIRECS,0.0,2,1,VEV_6500,True,4,5232.5,-2.0
437100,Mark 01,Mark 22,VEV_5400,XIRECS,13.0,4,1,VEV_5400,True,10,5233.5,5.0
437100,Mark 01,Mark 22,VEV_5500,XIRECS,5.0,4,1,VEV_5500,True,10,5233.5,5.0
437100,Mark 01,Mark 22,VEV_6000,XIRECS,0.0,4,1,VEV_6000,True,10,5233.5,5.0
437100,Mark 01,Mark 22,VEV_6500,XIRECS,0.0,4,1,VEV_6500,True,10,5233.5,5.0
455700,Mark 01,Mark 22,VEV_5400,XIRECS,15.0,4,1,VEV_5400,True,4,5247.5,-5.0
455700,Mark 01,Mark 22,VEV_5500,XIRECS,6.0,4,1,VEV_5500,True,4,5247.5,-5.0
455700,Mark 01,Mark 22,VEV_6000,XIRECS,0.0,4,1,VEV_6000,True,4,5247.5,-5.0
455700,Mark 01,Mark 22,VEV_6500,XIRECS,0.0,4,1,VEV_6500,True,4,5247.5,-5.0
460400,Mark 01,Mark 22,VEV_5300,XIRECS,47.0,3,1,VEV_5300,True,5,5250.5,6.0
460400,Mark 01,Mark 22,VEV_5500,XIRECS,6.0,3,1,VEV_5500,True,5,5250.5,6.0
460400,Mark 01,Mark 22,VEV_6000,XIRECS,0.0,3,1,VEV_6000,True,5,5250.5,6.0
460400,Mark 01,Mark 22,VEV_6500,XIRECS,0.0,3,1,VEV_6500,True,5,5250.5,6.0
476500,Mark 01,Mark 22,VEV_5400,XIRECS,17.0,2,1,VEV_5400,True,4,5256.5,-3.0
476500,Mark 01,Mark 22,VEV_5500,XIRECS,7.0,2,1,VEV_5500,True,4,5256.5,-3.0
476500,Mark 01,Mark 22,VEV_6000,XIRECS,0.0,2,1,VEV_6000,True,4,5256.5,-3.0
476500,Mark 01,Mark 22,VEV_6500,XIRECS,0.0,2,1,VEV_6500,True,4,5256.5,-3.0
489700,Mark 01,Mark 22,VEV_5300,XIRECS,43.0,4,1,VEV_5300,True,6,5239.5,5.0
489700,Mark 01,Mark 22,VEV_5400,XIRECS,14.0,4,1,VEV_5400,True,6,5239.5,5.0
489700,Mark 01,Mark 22,VEV_5500,XIRECS,5.0,4,1,VEV_5500,True,6,5239.5,5.0
489700,Mark 01,Mark 22,VEV_6000,XIRECS,0.0,4,1,VEV_6000,True,6,5239.5,5.0
489700,Mark 01,Mark 22,VEV_6500,XIRECS,0.0,4,1,VEV_6500,True,6,5239.5,5.0
502700,Mark 01,Mark 22,VEV_5500,XIRECS,6.0,2,1,VEV_5500,True,3,5249.5,5.0
502700,Mark 01,Mark 22,VEV_6000,XIRECS,0.0,2,1,VEV_6000,True,3,5249.5,5.0
502700,Mark 01,Mark 22,VEV_6500,XIRECS,0.0,2,1,VEV_6500,True,3,5249.5,5.0
519500,Mark 01,Mark 22,VEV_5300,XIRECS,50.0,4,1,VEV_5300,True,5,5258.5,0.0
519500,Mark 01,Mark 22,VEV_5400,XIRECS,17.0,4,1,VEV_5400,True,5,5258.5,0.0
519500,Mark 01,Mark 22,VEV_5500,XIRECS,6.0,4,1,VEV_5500,True,5,5258.5,0.0
519500,Mark 01,Mark 22,VEV_6000,XIRECS,0.0,4,1,VEV_6000,True,5,5258.5,0.0
519500,Mark 01,Mark 22,VEV_6500,XIRECS,0.0,4,1,VEV_6500,True,5,5258.5,0.0
524000,Mark 01,Mark 22,VEV_5400,XIRECS,17.0,4,1,VEV_5400,True,4,5259.5,-5.0
524000,Mark 01,Mark 22,VEV_6000,XIRECS,0.0,4,1,VEV_6000,True,4,5259.5,-5.0
524000,Mark 01,Mark 22,VEV_6500,XIRECS,0.0,4,1,VEV_6500,True,4,5259.5,-5.0
547600,Mark 01,Mark 22,VEV_5400,XIRECS,12.0,4,1,VEV_5400,True,3,5231.5,2.5
547600,Mark 01,Mark 22,VEV_6000,XIRECS,0.0,4,1,VEV_6000,True,3,5231.5,2.5
547600,Mark 01,Mark 22,VEV_6500,XIRECS,0.0,4,1,VEV_6500,True,3,5231.5,2.5
548400,Mark 01,Mark 22,VEV_5400,XIRECS,12.0,5,1,VEV_5400,True,3,5232.5,-2.0
548400,Mark 01,Mark 22,VEV_6000,XIRECS,0.0,5,1,VEV_6000,True,3,5232.5,-2.0
548400,Mark 01,Mark 22,VEV_6500,XIRECS,0.0,5,1,VEV_6500,True,3,5232.5,-2.0
553100,Mark 01,Mark 22,VEV_5300,XIRECS,39.0,4,1,VEV_5300,True,4,5229.5,2.0
553100,Mark 01,Mark 22,VEV_5500,XIRECS,4.0,4,1,VEV_5500,True,4,5229.5,2.0
553100,Mark 01,Mark 22,VEV_6000,XIRECS,0.0,4,1,VEV_6000,True,4,5229.5,2.0
553100,Mark 01,Mark 22,VEV_6500,XIRECS,0.0,4,1,VEV_6500,True,4,5229.5,2.0
564300,Mark 01,Mark 22,VEV_5300,XIRECS,40.0,2,1,VEV_5300,True,6,5232.0,4.5
564300,Mark 01,Mark 22,VEV_5400,XIRECS,12.0,2,1,VEV_5400,True,6,5232.0,4.5
564300,Mark 01,Mark 22,VEV_5500,XIRECS,4.0,2,1,VEV_5500,True,6,5232.0,4.5
564300,Mark 01,Mark 22,VEV_6000,XIRECS,0.0,2,1,VEV_6000,True,6,5232.0,4.5
564300,Mark 01,Mark 22,VEV_6500,XIRECS,0.0,2,1,VEV_6500,True,6,5232.0,4.5
567200,Mark 01,Mark 22,VEV_5400,XIRECS,13.0,2,1,VEV_5400,True,4,5234.0,4.5
567200,Mark 01,Mark 22,VEV_5500,XIRECS,5.0,2,1,VEV_5500,True,4,5234.0,4.5
567200,Mark 01,Mark 22,VEV_6000,XIRECS,0.0,2,1,VEV_6000,True,4,5234.0,4.5
567200,Mark 01,Mark 22,VEV_6500,XIRECS,0.0,2,1,VEV_6500,True,4,5234.0,4.5
568900,Mark 01,Mark 22,VEV_5300,XIRECS,43.0,4,1,VEV_5300,True,5,5240.5,-2.0
568900,Mark 01,Mark 22,VEV_5400,XIRECS,13.0,4,1,VEV_5400,True,5,5240.5,-2.0
568900,Mark 01,Mark 22,VEV_5500,XIRECS,5.0,4,1,VEV_5500,True,5,5240.5,-2.0
568900,Mark 01,Mark 22,VEV_6000,XIRECS,0.0,4,1,VEV_6000,True,5,5240.5,-2.0
568900,Mark 01,Mark 22,VEV_6500,XIRECS,0.0,4,1,VEV_6500,True,5,5240.5,-2.0
574800,Mark 01,Mark 22,VEV_5400,XIRECS,12.0,2,1,VEV_5400,True,4,5233.0,1.0
574800,Mark 01,Mark 22,VEV_5500,XIRECS,4.0,2,1,VEV_5500,True,4,5233.0,1.0
574800,Mark 01,Mark 22,VEV_6000,XIRECS,0.0,2,1,VEV_6000,True,4,5233.0,1.0
574800,Mark 01,Mark 22,VEV_6500,XIRECS,0.0,2,1,VEV_6500,True,4,5233.0,1.0
575800,Mark 01,Mark 22,VEV_5500,XIRECS,5.0,5,1,VEV_5500,True,4,5234.0,3.5
575800,Mark 01,Mark 22,VEV_6000,XIRECS,0.0,5,1,VEV_6000,True,4,5234.0,3.5
575800,Mark 01,Mark 22,VEV_6500,XIRECS,0.0,5,1,VEV_6500,True,4,5234.0,3.5
588200,Mark 01,Mark 22,VEV_5300,XIRECS,45.0,4,1,VEV_5300,True,5,5245.5,-4.0
588200,Mark 01,Mark 22,VEV_5400,XIRECS,14.0,4,1,VEV_5400,True,5,5245.5,-4.0
588200,Mark 01,Mark 22,VEV_5500,XIRECS,5.0,4,1,VEV_5500,True,5,5245.5,-4.0
588200,Mark 01,Mark 22,VEV_6000,XIRECS,0.0,4,1,VEV_6000,True,5,5245.5,-4.0
588200,Mark 01,Mark 22,VEV_6500,XIRECS,0.0,4,1,VEV_6500,True,5,5245.5,-4.0
604600,Mark 01,Mark 22,VEV_5300,XIRECS,39.0,5,1,VEV_5300,True,5,5229.0,-4.5
604600,Mark 01,Mark 22,VEV_5400,XIRECS,11.0,5,1,VEV_5400,True,5,5229.0,-4.5
604600,Mark 01,Mark 22,VEV_5500,XIRECS,4.0,5,1,VEV_5500,True,5,5229.0,-4.5
604600,Mark 01,Mark 22,VEV_6000,XIRECS,0.0,5,1,VEV_6000,True,5,5229.0,-4.5
604600,Mark 01,Mark 22,VEV_6500,XIRECS,0.0,5,1,VEV_6500,True,5,5229.0,-4.5
617900,Mark 01,Mark 22,VEV_5300,XIRECS,40.0,2,1,VEV_5300,True,5,5234.0,0.0
617900,Mark 01,Mark 22,VEV_5400,XIRECS,12.0,2,1,VEV_5400,True,5,5234.0,0.0
617900,Mark 01,Mark 22,VEV_5500,XIRECS,4.0,2,1,VEV_5500,True,5,5234.0,0.0
617900,Mark 01,Mark 22,VEV_6000,XIRECS,0.0,2,1,VEV_6000,True,5,5234.0,0.0
617900,Mark 01,Mark 22,VEV_6500,XIRECS,0.0,2,1,VEV_6500,True,5,5234.0,0.0
618300,Mark 01,Mark 22,VEV_5300,XIRECS,40.0,2,1,VEV_5300,True,5,5233.0,-1.5
618300,Mark 01,Mark 22,VEV_5400,XIRECS,12.0,2,1,VEV_5400,True,5,5233.0,-1.5
618300,Mark 01,Mark 22,VEV_5500,XIRECS,4.0,2,1,VEV_5500,True,5,5233.0,-1.5
618300,Mark 01,Mark 22,VEV_6000,XIRECS,0.0,2,1,VEV_6000,True,5,5233.0,-1.5
618300,Mark 01,Mark 22,VEV_6500,XIRECS,0.0,2,1,VEV_6500,True,5,5233.0,-1.5
624400,Mark 01,Mark 22,VEV_5300,XIRECS,42.0,2,1,VEV_5300,True,6,5238.5,-7.0
624400,Mark 01,Mark 22,VEV_5400,XIRECS,13.0,2,1,VEV_5400,True,6,5238.5,-7.0
624400,Mark 01,Mark 22,VEV_5500,XIRECS,5.0,2,1,VEV_5500,True,6,5238.5,-7.0
624400,Mark 01,Mark 22,VEV_6000,XIRECS,0.0,2,1,VEV_6000,True,6,5238.5,-7.0
624400,Mark 01,Mark 22,VEV_6500,XIRECS,0.0,2,1,VEV_6500,True,6,5238.5,-7.0
631700,Mark 01,Mark 22,VEV_5400,XIRECS,10.0,3,1,VEV_5400,True,3,5220.5,-3.0
631700,Mark 01,Mark 22,VEV_6000,XIRECS,0.0,3,1,VEV_6000,True,3,5220.5,-3.0
631700,Mark 01,Mark 22,VEV_6500,XIRECS,0.0,3,1,VEV_6500,True,3,5220.5,-3.0
636100,Mark 01,Mark 22,VEV_5300,XIRECS,37.0,4,1,VEV_5300,True,5,5223.5,-11.0
636100,Mark 01,Mark 22,VEV_5500,XIRECS,4.0,4,1,VEV_5500,True,5,5223.5,-11.0
636100,Mark 01,Mark 22,VEV_6000,XIRECS,0.0,4,1,VEV_6000,True,5,5223.5,-11.0
636100,Mark 01,Mark 22,VEV_6500,XIRECS,0.0,4,1,VEV_6500,True,5,5223.5,-11.0
642100,Mark 01,Mark 22,VEV_5300,XIRECS,34.0,4,1,VEV_5300,True,6,5214.5,-2.0
642100,Mark 01,Mark 22,VEV_5400,XIRECS,9.0,4,1,VEV_5400,True,6,5214.5,-2.0
642100,Mark 01,Mark 22,VEV_5500,XIRECS,3.0,4,1,VEV_5500,True,6,5214.5,-2.0
642100,Mark 01,Mark 22,VEV_6000,XIRECS,0.0,4,1,VEV_6000,True,6,5214.5,-2.0
642100,Mark 01,Mark 22,VEV_6500,XIRECS,0.0,4,1,VEV_6500,True,6,5214.5,-2.0
654200,Mark 01,Mark 22,VEV_5400,XIRECS,8.0,2,1,VEV_5400,True,4,5206.5,-1.0
654200,Mark 01,Mark 22,VEV_5500,XIRECS,3.0,2,1,VEV_5500,True,4,5206.5,-1.0
654200,Mark 01,Mark 22,VEV_6000,XIRECS,0.0,2,1,VEV_6000,True,4,5206.5,-1.0
654200,Mark 01,Mark 22,VEV_6500,XIRECS,0.0,2,1,VEV_6500,True,4,5206.5,-1.0
674000,Mark 01,Mark 22,VEV_5300,XIRECS,37.0,3,1,VEV_5300,True,5,5223.5,5.0
674000,Mark 01,Mark 22,VEV_5400,XIRECS,10.0,3,1,VEV_5400,True,5,5223.5,5.0
674000,Mark 01,Mark 22,VEV_5500,XIRECS,4.0,3,1,VEV_5500,True,5,5223.5,5.0
674000,Mark 01,Mark 22,VEV_6000,XIRECS,0.0,3,1,VEV_6000,True,5,5223.5,5.0
674000,Mark 01,Mark 22,VEV_6500,XIRECS,0.0,3,1,VEV_6500,True,5,5223.5,5.0
684000,Mark 01,Mark 22,VEV_5400,XIRECS,11.0,5,1,VEV_5400,True,4,5229.0,2.5
684000,Mark 01,Mark 22,VEV_5500,XIRECS,4.0,5,1,VEV_5500,True,4,5229.0,2.5
684000,Mark 01,Mark 22,VEV_6000,XIRECS,0.0,5,1,VEV_6000,True,4,5229.0,2.5
684000,Mark 01,Mark 22,VEV_6500,XIRECS,0.0,5,1,VEV_6500,True,4,5229.0,2.5
701200,Mark 01,Mark 22,VEV_5400,XIRECS,13.0,2,1,VEV_5400,True,5,5242.5,8.0
701200,Mark 01,Mark 22,VEV_5500,XIRECS,5.0,2,1,VEV_5500,True,5,5242.5,8.0
701200,Mark 01,Mark 22,VEV_6000,XIRECS,0.0,2,1,VEV_6000,True,5,5242.5,8.0
701200,Mark 01,Mark 22,VEV_6500,XIRECS,0.0,2,1,VEV_6500,True,5,5242.5,8.0
703200,Mark 01,Mark 22,VEV_5400,XIRECS,14.0,5,1,VEV_5400,True,4,5250.5,3.5
703200,Mark 01,Mark 22,VEV_5500,XIRECS,6.0,5,1,VEV_5500,True,4,5250.5,3.5
703200,Mark 01,Mark 22,VEV_6000,XIRECS,0.0,5,1,VEV_6000,True,4,5250.5,3.5
703200,Mark 01,Mark 22,VEV_6500,XIRECS,0.0,5,1,VEV_6500,True,4,5250.5,3.5
710500,Mark 01,Mark 22,VEV_5400,XIRECS,15.0,5,1,VEV_5400,True,5,5256.5,6.0
710500,Mark 01,Mark 22,VEV_5500,XIRECS,6.0,5,1,VEV_5500,True,5,5256.5,6.0
710500,Mark 01,Mark 22,VEV_6000,XIRECS,0.0,5,1,VEV_6000,True,5,5256.5,6.0
710500,Mark 01,Mark 22,VEV_6500,XIRECS,0.0,5,1,VEV_6500,True,5,5256.5,6.0
715000,Mark 01,Mark 22,VEV_5400,XIRECS,18.0,5,1,VEV_5400,True,4,5269.5,2.0
715000,Mark 01,Mark 22,VEV_5500,XIRECS,7.0,5,1,VEV_5500,True,4,5269.5,2.0
715000,Mark 01,Mark 22,VEV_6000,XIRECS,0.0,5,1,VEV_6000,True,4,5269.5,2.0
715000,Mark 01,Mark 22,VEV_6500,XIRECS,0.0,5,1,VEV_6500,True,4,5269.5,2.0
720500,Mark 01,Mark 22,VEV_5400,XIRECS,17.0,2,1,VEV_5400,True,6,5266.5,-3.0
720500,Mark 01,Mark 22,VEV_5500,XIRECS,7.0,2,1,VEV_5500,True,6,5266.5,-3.0
720500,Mark 01,Mark 22,VEV_6000,XIRECS,0.0,2,1,VEV_6000,True,6,5266.5,-3.0
720500,Mark 01,Mark 22,VEV_6500,XIRECS,0.0,2,1,VEV_6500,True,6,5266.5,-3.0
725000,Mark 01,Mark 22,VEV_5300,XIRECS,53.0,4,1,VEV_5300,True,5,5266.5,-8.0
725000,Mark 01,Mark 22,VEV_5400,XIRECS,17.0,4,1,VEV_5400,True,5,5266.5,-8.0
725000,Mark 01,Mark 22,VEV_5500,XIRECS,7.0,4,1,VEV_5500,True,5,5266.5,-8.0
725000,Mark 01,Mark 22,VEV_6000,XIRECS,0.0,4,1,VEV_6000,True,5,5266.5,-8.0
725000,Mark 01,Mark 22,VEV_6500,XIRECS,0.0,4,1,VEV_6500,True,5,5266.5,-8.0
735100,Mark 01,Mark 22,VEV_5500,XIRECS,9.0,4,1,VEV_5500,True,4,5281.5,-8.0
735100,Mark 01,Mark 22,VEV_6000,XIRECS,0.0,4,1,VEV_6000,True,4,5281.5,-8.0
735100,Mark 01,Mark 22,VEV_6500,XIRECS,0.0,4,1,VEV_6500,True,4,5281.5,-8.0
741900,Mark 01,Mark 22,VEV_5400,XIRECS,17.0,4,1,VEV_5400,True,4,5265.5,4.0
741900,Mark 01,Mark 22,VEV_5500,XIRECS,7.0,4,1,VEV_5500,True,4,5265.5,4.0
741900,Mark 01,Mark 22,VEV_6000,XIRECS,0.0,4,1,VEV_6000,True,4,5265.5,4.0
741900,Mark 01,Mark 22,VEV_6500,XIRECS,0.0,4,1,VEV_6500,True,4,5265.5,4.0
746300,Mark 01,Mark 22,VEV_5500,XIRECS,8.0,4,1,VEV_5500,True,4,5277.0,-4.5
746300,Mark 01,Mark 22,VEV_6000,XIRECS,0.0,4,1,VEV_6000,True,4,5277.0,-4.5
746300,Mark 01,Mark 22,VEV_6500,XIRECS,0.0,4,1,VEV_6500,True,4,5277.0,-4.5
754200,Mark 01,Mark 22,VEV_5400,XIRECS,16.0,3,1,VEV_5400,True,4,5260.5,5.0
754200,Mark 01,Mark 22,VEV_5500,XIRECS,6.0,3,1,VEV_5500,True,4,5260.5,5.0
754200,Mark 01,Mark 22,VEV_6000,XIRECS,0.0,3,1,VEV_6000,True,4,5260.5,5.0
754200,Mark 01,Mark 22,VEV_6500,XIRECS,0.0,3,1,VEV_6500,True,4,5260.5,5.0
760000,Mark 01,Mark 22,VEV_5400,XIRECS,19.0,2,1,VEV_5400,True,4,5276.5,-4.0
760000,Mark 01,Mark 22,VEV_5500,XIRECS,8.0,2,1,VEV_5500,True,4,5276.5,-4.0
760000,Mark 01,Mark 22,VEV_6000,XIRECS,0.0,2,1,VEV_6000,True,4,5276.5,-4.0
760000,Mark 01,Mark 22,VEV_6500,XIRECS,0.0,2,1,VEV_6500,True,4,5276.5,-4.0
785800,Mark 01,Mark 22,VEV_5400,XIRECS,15.0,3,1,VEV_5400,True,5,5254.5,4.0
785800,Mark 01,Mark 22,VEV_5500,XIRECS,6.0,3,1,VEV_5500,True,5,5254.5,4.0
785800,Mark 01,Mark 22,VEV_6000,XIRECS,0.0,3,1,VEV_6000,True,5,5254.5,4.0
785800,Mark 01,Mark 22,VEV_6500,XIRECS,0.0,3,1,VEV_6500,True,5,5254.5,4.0
798100,Mark 01,Mark 22,VEV_5400,XIRECS,15.0,4,1,VEV_5400,True,4,5255.5,-4.0
798100,Mark 01,Mark 22,VEV_5500,XIRECS,6.0,4,1,VEV_5500,True,4,5255.5,-4.0
798100,Mark 01,Mark 22,VEV_6000,XIRECS,0.0,4,1,VEV_6000,True,4,5255.5,-4.0
798100,Mark 01,Mark 22,VEV_6500,XIRECS,0.0,4,1,VEV_6500,True,4,5255.5,-4.0
800400,Mark 01,Mark 22,VEV_5300,XIRECS,45.0,3,1,VEV_5300,True,4,5249.5,-5.5
800400,Mark 01,Mark 22,VEV_5500,XIRECS,5.0,3,1,VEV_5500,True,4,5249.5,-5.5
800400,Mark 01,Mark 22,VEV_6000,XIRECS,0.0,3,1,VEV_6000,True,4,5249.5,-5.5
800400,Mark 01,Mark 22,VEV_6500,XIRECS,0.0,3,1,VEV_6500,True,4,5249.5,-5.5
801800,Mark 01,Mark 22,VEV_5400,XIRECS,13.0,2,1,VEV_5400,True,4,5247.5,-6.0
801800,Mark 01,Mark 22,VEV_5500,XIRECS,5.0,2,1,VEV_5500,True,4,5247.5,-6.0
801800,Mark 01,Mark 22,VEV_6000,XIRECS,0.0,2,1,VEV_6000,True,4,5247.5,-6.0
801800,Mark 01,Mark 22,VEV_6500,XIRECS,0.0,2,1,VEV_6500,True,4,5247.5,-6.0
807800,Mark 01,Mark 22,VEV_5300,XIRECS,45.0,3,1,VEV_5300,True,5,5249.0,-4.5
807800,Mark 01,Mark 22,VEV_5400,XIRECS,13.0,3,1,VEV_5400,True,5,5249.0,-4.5
807800,Mark 01,Mark 22,VEV_5500,XIRECS,5.0,3,1,VEV_5500,True,5,5249.0,-4.5
807800,Mark 01,Mark 22,VEV_6000,XIRECS,0.0,3,1,VEV_6000,True,5,5249.0,-4.5
807800,Mark 01,Mark 22,VEV_6500,XIRECS,0.0,3,1,VEV_6500,True,5,5249.0,-4.5
812600,Mark 01,Mark 22,VEV_5300,XIRECS,40.0,4,1,VEV_5300,True,5,5235.0,-6.0
812600,Mark 01,Mark 22,VEV_5400,XIRECS,11.0,4,1,VEV_5400,True,5,5235.0,-6.0
812600,Mark 01,Mark 22,VEV_5500,XIRECS,4.0,4,1,VEV_5500,True,5,5235.0,-6.0
812600,Mark 01,Mark 22,VEV_6000,XIRECS,0.0,4,1,VEV_6000,True,5,5235.0,-6.0
812600,Mark 01,Mark 22,VEV_6500,XIRECS,0.0,4,1,VEV_6500,True,5,5235.0,-6.0
813000,Mark 01,Mark 22,VEV_5500,XIRECS,4.0,3,1,VEV_5500,True,3,5231.5,-4.0
813000,Mark 01,Mark 22,VEV_6000,XIRECS,0.0,3,1,VEV_6000,True,3,5231.5,-4.0
813000,Mark 01,Mark 22,VEV_6500,XIRECS,0.0,3,1,VEV_6500,True,3,5231.5,-4.0
824800,Mark 01,Mark 22,VEV_5500,XIRECS,5.0,5,1,VEV_5500,True,3,5250.5,-4.0
824800,Mark 01,Mark 22,VEV_6000,XIRECS,0.0,5,1,VEV_6000,True,3,5250.5,-4.0
824800,Mark 01,Mark 22,VEV_6500,XIRECS,0.0,5,1,VEV_6500,True,3,5250.5,-4.0
848900,Mark 01,Mark 22,VEV_6000,XIRECS,0.0,5,1,VEV_6000,True,4,5264.5,-2.0
848900,Mark 01,Mark 22,VEV_6500,XIRECS,0.0,5,1,VEV_6500,True,4,5264.5,-2.0
851200,Mark 01,Mark 22,VEV_5400,XIRECS,16.0,3,1,VEV_5400,True,4,5260.5,9.0
851200,Mark 01,Mark 22,VEV_5500,XIRECS,6.0,3,1,VEV_5500,True,4,5260.5,9.0
851200,Mark 01,Mark 22,VEV_6000,XIRECS,0.0,3,1,VEV_6000,True,4,5260.5,9.0
851200,Mark 01,Mark 22,VEV_6500,XIRECS,0.0,3,1,VEV_6500,True,4,5260.5,9.0
865400,Mark 01,Mark 22,VEV_5400,XIRECS,14.0,5,1,VEV_5400,True,4,5254.0,-5.5
865400,Mark 01,Mark 22,VEV_5500,XIRECS,6.0,5,1,VEV_5500,True,4,5254.0,-5.5
865400,Mark 01,Mark 22,VEV_6000,XIRECS,0.0,5,1,VEV_6000,True,4,5254.0,-5.5
865400,Mark 01,Mark 22,VEV_6500,XIRECS,0.0,5,1,VEV_6500,True,4,5254.0,-5.5
868800,Mark 01,Mark 22,VEV_5500,XIRECS,5.0,2,1,VEV_5500,True,3,5248.5,-4.0
868800,Mark 01,Mark 22,VEV_6000,XIRECS,0.0,2,1,VEV_6000,True,3,5248.5,-4.0
868800,Mark 01,Mark 22,VEV_6500,XIRECS,0.0,2,1,VEV_6500,True,3,5248.5,-4.0
901100,Mark 01,Mark 22,VEV_5400,XIRECS,14.0,4,1,VEV_5400,True,4,5251.0,7.5
901100,Mark 01,Mark 22,VEV_5500,XIRECS,5.0,4,1,VEV_5500,True,4,5251.0,7.5
901100,Mark 01,Mark 22,VEV_6000,XIRECS,0.0,4,1,VEV_6000,True,4,5251.0,7.5
901100,Mark 01,Mark 22,VEV_6500,XIRECS,0.0,4,1,VEV_6500,True,4,5251.0,7.5
921000,Mark 01,Mark 22,VEV_5400,XIRECS,17.0,4,1,VEV_5400,True,4,5269.5,3.0
921000,Mark 01,Mark 22,VEV_5500,XIRECS,7.0,4,1,VEV_5500,True,4,5269.5,3.0
921000,Mark 01,Mark 22,VEV_6000,XIRECS,0.0,4,1,VEV_6000,True,4,5269.5,3.0
921000,Mark 01,Mark 22,VEV_6500,XIRECS,0.0,4,1,VEV_6500,True,4,5269.5,3.0
928400,Mark 01,Mark 22,VEV_5500,XIRECS,8.0,3,1,VEV_5500,True,3,5280.5,-9.0
928400,Mark 01,Mark 22,VEV_6000,XIRECS,0.0,3,1,VEV_6000,True,3,5280.5,-9.0
928400,Mark 01,Mark 22,VEV_6500,XIRECS,0.0,3,1,VEV_6500,True,3,5280.5,-9.0
937300,Mark 01,Mark 22,VEV_5400,XIRECS,15.0,4,1,VEV_5400,True,4,5260.0,4.0
937300,Mark 01,Mark 22,VEV_5500,XIRECS,6.0,4,1,VEV_5500,True,4,5260.0,4.0
937300,Mark 01,Mark 22,VEV_6000,XIRECS,0.0,4,1,VEV_6000,True,4,5260.0,4.0
937300,Mark 01,Mark 22,VEV_6500,XIRECS,0.0,4,1,VEV_6500,True,4,5260.0,4.0
943100,Mark 01,Mark 22,VEV_5400,XIRECS,13.0,4,1,VEV_5400,True,4,5246.5,-1.0
943100,Mark 01,Mark 22,VEV_5500,XIRECS,5.0,4,1,VEV_5500,True,4,5246.5,-1.0
943100,Mark 01,Mark 22,VEV_6000,XIRECS,0.0,4,1,VEV_6000,True,4,5246.5,-1.0
943100,Mark 01,Mark 22,VEV_6500,XIRECS,0.0,4,1,VEV_6500,True,4,5246.5,-1.0
948500,Mark 01,Mark 22,VEV_5300,XIRECS,45.0,4,1,VEV_5300,True,5,5249.5,4.0
948500,Mark 01,Mark 22,VEV_5400,XIRECS,13.0,4,1,VEV_5400,True,5,5249.5,4.0
948500,Mark 01,Mark 22,VEV_5500,XIRECS,5.0,4,1,VEV_5500,True,5,5249.5,4.0
948500,Mark 01,Mark 22,VEV_6000,XIRECS,0.0,4,1,VEV_6000,True,5,5249.5,4.0
948500,Mark 01,Mark 22,VEV_6500,XIRECS,0.0,4,1,VEV_6500,True,5,5249.5,4.0
950300,Mark 01,Mark 22,VEV_5400,XIRECS,14.0,5,1,VEV_5400,True,5,5253.5,7.0
950300,Mark 01,Mark 22,VEV_5500,XIRECS,5.0,5,1,VEV_5500,True,5,5253.5,7.0
950300,Mark 01,Mark 22,VEV_6000,XIRECS,0.0,5,1,VEV_6000,True,5,5253.5,7.0
950300,Mark 01,Mark 22,VEV_6500,XIRECS,0.0,5,1,VEV_6500,True,5,5253.5,7.0
988100,Mark 01,Mark 22,VEV_5300,XIRECS,46.0,5,1,VEV_5300,True,6,5253.5,4.0
988100,Mark 01,Mark 22,VEV_5400,XIRECS,14.0,5,1,VEV_5400,True,6,5253.5,4.0
988100,Mark 01,Mark 22,VEV_5500,XIRECS,5.0,5,1,VEV_5500,True,6,5253.5,4.0
988100,Mark 01,Mark 22,VEV_6000,XIRECS,0.0,5,1,VEV_6000,True,6,5253.5,4.0
988100,Mark 01,Mark 22,VEV_6500,XIRECS,0.0,5,1,VEV_6500,True,6,5253.5,4.0
990300,Mark 01,Mark 22,VEV_5400,XIRECS,15.0,5,1,VEV_5400,True,3,5258.5,4.5
990300,Mark 01,Mark 22,VEV_6000,XIRECS,0.0,5,1,VEV_6000,True,3,5258.5,4.5
990300,Mark 01,Mark 22,VEV_6500,XIRECS,0.0,5,1,VEV_6500,True,3,5258.5,4.5
13100,Mark 01,Mark 22,VEV_5400,XIRECS,16.0,3,2,VEV_5400,True,4,5266.0,2.5
13100,Mark 01,Mark 22,VEV_5500,XIRECS,6.0,3,2,VEV_5500,True,4,5266.0,2.5
13100,Mark 01,Mark 22,VEV_6000,XIRECS,0.0,3,2,VEV_6000,True,4,5266.0,2.5
13100,Mark 01,Mark 22,VEV_6500,XIRECS,0.0,3,2,VEV_6500,True,4,5266.0,2.5
20900,Mark 01,Mark 22,VEV_5300,XIRECS,53.0,5,2,VEV_5300,True,5,5270.5,-2.5
20900,Mark 01,Mark 22,VEV_5400,XIRECS,17.0,5,2,VEV_5400,True,5,5270.5,-2.5
20900,Mark 01,Mark 22,VEV_5500,XIRECS,7.0,5,2,VEV_5500,True,5,5270.5,-2.5
20900,Mark 01,Mark 22,VEV_6000,XIRECS,0.0,5,2,VEV_6000,True,5,5270.5,-2.5
20900,Mark 01,Mark 22,VEV_6500,XIRECS,0.0,5,2,VEV_6500,True,5,5270.5,-2.5
23500,Mark 01,Mark 22,VEV_5400,XIRECS,16.0,2,2,VEV_5400,True,4,5264.0,2.5
23500,Mark 01,Mark 22,VEV_5500,XIRECS,6.0,2,2,VEV_5500,True,4,5264.0,2.5
23500,Mark 01,Mark 22,VEV_6000,XIRECS,0.0,2,2,VEV_6000,True,4,5264.0,2.5
23500,Mark 01,Mark 22,VEV_6500,XIRECS,0.0,2,2,VEV_6500,True,4,5264.0,2.5
29500,Mark 01,Mark 22,VEV_5400,XIRECS,16.0,2,2,VEV_5400,True,4,5266.5,-5.0
29500,Mark 01,Mark 22,VEV_5500,XIRECS,6.0,2,2,VEV_5500,True,4,5266.5,-5.0
29500,Mark 01,Mark 22,VEV_6000,XIRECS,0.0,2,2,VEV_6000,True,4,5266.5,-5.0
29500,Mark 01,Mark 22,VEV_6500,XIRECS,0.0,2,2,VEV_6500,True,4,5266.5,-5.0
41900,Mark 01,Mark 22,VEV_5400,XIRECS,13.0,2,2,VEV_5400,True,4,5250.5,0.0
41900,Mark 01,Mark 22,VEV_5500,XIRECS,5.0,2,2,VEV_5500,True,4,5250.5,0.0
41900,Mark 01,Mark 22,VEV_6000,XIRECS,0.0,2,2,VEV_6000,True,4,5250.5,0.0
41900,Mark 01,Mark 22,VEV_6500,XIRECS,0.0,2,2,VEV_6500,True,4,5250.5,0.0
42900,Mark 01,Mark 22,VEV_5400,XIRECS,14.0,4,2,VEV_5400,True,4,5253.5,3.0
42900,Mark 01,Mark 22,VEV_5500,XIRECS,5.0,4,2,VEV_5500,True,4,5253.5,3.0
42900,Mark 01,Mark 22,VEV_6000,XIRECS,0.0,4,2,VEV_6000,True,4,5253.5,3.0
42900,Mark 01,Mark 22,VEV_6500,XIRECS,0.0,4,2,VEV_6500,True,4,5253.5,3.0
45100,Mark 01,Mark 22,VEV_5500,XIRECS,5.0,5,2,VEV_5500,True,5,5258.0,1.5
45100,Mark 01,Mark 22,VEV_6000,XIRECS,0.0,5,2,VEV_6000,True,5,5258.0,1.5
45100,Mark 01,Mark 22,VEV_6500,XIRECS,0.0,5,2,VEV_6500,True,5,5258.0,1.5
52900,Mark 01,Mark 22,VEV_5500,XIRECS,6.0,5,2,VEV_5500,True,3,5261.0,-3.5
52900,Mark 01,Mark 22,VEV_6000,XIRECS,0.0,5,2,VEV_6000,True,3,5261.0,-3.5
52900,Mark 01,Mark 22,VEV_6500,XIRECS,0.0,5,2,VEV_6500,True,3,5261.0,-3.5
75200,Mark 01,Mark 22,VEV_5300,XIRECS,46.0,4,2,VEV_5300,True,5,5255.5,-3.0
75200,Mark 01,Mark 22,VEV_5400,XIRECS,14.0,4,2,VEV_5400,True,5,5255.5,-3.0
75200,Mark 01,Mark 22,VEV_5500,XIRECS,5.0,4,2,VEV_5500,True,5,5255.5,-3.0
75200,Mark 01,Mark 22,VEV_6000,XIRECS,0.0,4,2,VEV_6000,True,5,5255.5,-3.0
75200,Mark 01,Mark 22,VEV_6500,XIRECS,0.0,4,2,VEV_6500,True,5,5255.5,-3.0
79300,Mark 01,Mark 22,VEV_5400,XIRECS,14.0,5,2,VEV_5400,True,5,5257.5,7.0
79300,Mark 01,Mark 22,VEV_5500,XIRECS,5.0,5,2,VEV_5500,True,5,5257.5,7.0
79300,Mark 01,Mark 22,VEV_6000,XIRECS,0.0,5,2,VEV_6000,True,5,5257.5,7.0
79300,Mark 01,Mark 22,VEV_6500,XIRECS,0.0,5,2,VEV_6500,True,5,5257.5,7.0
102600,Mark 01,Mark 22,VEV_5500,XIRECS,6.0,2,2,VEV_5500,True,4,5265.0,-3.5
102600,Mark 01,Mark 22,VEV_6000,XIRECS,0.0,2,2,VEV_6000,True,4,5265.0,-3.5
102600,Mark 01,Mark 22,VEV_6500,XIRECS,0.0,2,2,VEV_6500,True,4,5265.0,-3.5
105500,Mark 01,Mark 22,VEV_5300,XIRECS,47.0,5,2,VEV_5300,True,4,5258.5,3.5
105500,Mark 01,Mark 22,VEV_5500,XIRECS,5.0,5,2,VEV_5500,True,4,5258.5,3.5
105500,Mark 01,Mark 22,VEV_6000,XIRECS,0.0,5,2,VEV_6000,True,4,5258.5,3.5
105500,Mark 01,Mark 22,VEV_6500,XIRECS,0.0,5,2,VEV_6500,True,4,5258.5,3.5
129700,Mark 01,Mark 22,VEV_5300,XIRECS,46.0,4,2,VEV_5300,True,5,5255.0,2.5
129700,Mark 01,Mark 22,VEV_5400,XIRECS,14.0,4,2,VEV_5400,True,5,5255.0,2.5
129700,Mark 01,Mark 22,VEV_5500,XIRECS,5.0,4,2,VEV_5500,True,5,5255.0,2.5
129700,Mark 01,Mark 22,VEV_6000,XIRECS,0.0,4,2,VEV_6000,True,5,5255.0,2.5
129700,Mark 01,Mark 22,VEV_6500,XIRECS,0.0,4,2,VEV_6500,True,5,5255.0,2.5
169000,Mark 01,Mark 22,VEV_5300,XIRECS,52.0,3,2,VEV_5300,True,6,5271.5,-1.0
169000,Mark 01,Mark 22,VEV_5400,XIRECS,16.0,3,2,VEV_5400,True,6,5271.5,-1.0
169000,Mark 01,Mark 22,VEV_5500,XIRECS,6.0,3,2,VEV_5500,True,6,5271.5,-1.0
169000,Mark 01,Mark 22,VEV_6000,XIRECS,0.0,3,2,VEV_6000,True,6,5271.5,-1.0
169000,Mark 01,Mark 22,VEV_6500,XIRECS,0.0,3,2,VEV_6500,True,6,5271.5,-1.0
171800,Mark 01,Mark 22,VEV_5400,XIRECS,17.0,5,2,VEV_5400,True,4,5272.5,3.0
171800,Mark 01,Mark 22,VEV_5500,XIRECS,7.0,5,2,VEV_5500,True,4,5272.5,3.0
171800,Mark 01,Mark 22,VEV_6000,XIRECS,0.0,5,2,VEV_6000,True,4,5272.5,3.0
171800,Mark 01,Mark 22,VEV_6500,XIRECS,0.0,5,2,VEV_6500,True,4,5272.5,3.0
189100,Mark 01,Mark 22,VEV_5300,XIRECS,47.0,4,2,VEV_5300,True,5,5259.0,2.0
189100,Mark 01,Mark 22,VEV_5400,XIRECS,14.0,4,2,VEV_5400,True,5,5259.0,2.0
189100,Mark 01,Mark 22,VEV_5500,XIRECS,6.0,4,2,VEV_5500,True,5,5259.0,2.0
189100,Mark 01,Mark 22,VEV_6000,XIRECS,0.0,4,2,VEV_6000,True,5,5259.0,2.0
189100,Mark 01,Mark 22,VEV_6500,XIRECS,0.0,4,2,VEV_6500,True,5,5259.0,2.0
204400,Mark 01,Mark 22,VEV_5300,XIRECS,47.0,5,2,VEV_5300,True,5,5260.5,6.0
204400,Mark 01,Mark 22,VEV_5400,XIRECS,14.0,5,2,VEV_5400,True,5,5260.5,6.0
204400,Mark 01,Mark 22,VEV_5500,XIRECS,6.0,5,2,VEV_5500,True,5,5260.5,6.0
204400,Mark 01,Mark 22,VEV_6000,XIRECS,0.0,5,2,VEV_6000,True,5,5260.5,6.0
204400,Mark 01,Mark 22,VEV_6500,XIRECS,0.0,5,2,VEV_6500,True,5,5260.5,6.0
225500,Mark 01,Mark 22,VEV_5400,XIRECS,16.0,5,2,VEV_5400,True,5,5267.5,-4.0
225500,Mark 01,Mark 22,VEV_5500,XIRECS,6.0,5,2,VEV_5500,True,5,5267.5,-4.0
225500,Mark 01,Mark 22,VEV_6000,XIRECS,0.0,5,2,VEV_6000,True,5,5267.5,-4.0
225500,Mark 01,Mark 22,VEV_6500,XIRECS,0.0,5,2,VEV_6500,True,5,5267.5,-4.0
239400,Mark 01,Mark 22,VEV_5400,XIRECS,15.0,2,2,VEV_5400,True,5,5261.5,11.0
239400,Mark 01,Mark 22,VEV_5500,XIRECS,6.0,2,2,VEV_5500,True,5,5261.5,11.0
239400,Mark 01,Mark 22,VEV_6000,XIRECS,0.0,2,2,VEV_6000,True,5,5261.5,11.0
239400,Mark 01,Mark 22,VEV_6500,XIRECS,0.0,2,2,VEV_6500,True,5,5261.5,11.0
253000,Mark 01,Mark 22,VEV_5400,XIRECS,16.0,3,2,VEV_5400,True,4,5267.5,-2.0
253000,Mark 01,Mark 22,VEV_5500,XIRECS,6.0,3,2,VEV_5500,True,4,5267.5,-2.0
253000,Mark 01,Mark 22,VEV_6000,XIRECS,0.0,3,2,VEV_6000,True,4,5267.5,-2.0
253000,Mark 01,Mark 22,VEV_6500,XIRECS,0.0,3,2,VEV_6500,True,4,5267.5,-2.0
268900,Mark 01,Mark 22,VEV_5400,XIRECS,19.0,4,2,VEV_5400,True,4,5280.5,-2.5
268900,Mark 01,Mark 22,VEV_5500,XIRECS,8.0,4,2,VEV_5500,True,4,5280.5,-2.5
268900,Mark 01,Mark 22,VEV_6000,XIRECS,0.0,4,2,VEV_6000,True,4,5280.5,-2.5
268900,Mark 01,Mark 22,VEV_6500,XIRECS,0.0,4,2,VEV_6500,True,4,5280.5,-2.5
272000,Mark 01,Mark 22,VEV_5500,XIRECS,8.0,3,2,VEV_5500,True,3,5279.5,0.0
272000,Mark 01,Mark 22,VEV_6000,XIRECS,0.0,3,2,VEV_6000,True,3,5279.5,0.0
272000,Mark 01,Mark 22,VEV_6500,XIRECS,0.0,3,2,VEV_6500,True,3,5279.5,0.0
275200,Mark 01,Mark 22,VEV_5400,XIRECS,18.0,5,2,VEV_5400,True,4,5276.5,-5.0
275200,Mark 01,Mark 22,VEV_5500,XIRECS,7.0,5,2,VEV_5500,True,4,5276.5,-5.0
275200,Mark 01,Mark 22,VEV_6000,XIRECS,0.0,5,2,VEV_6000,True,4,5276.5,-5.0
275200,Mark 01,Mark 22,VEV_6500,XIRECS,0.0,5,2,VEV_6500,True,4,5276.5,-5.0
287100,Mark 01,Mark 22,VEV_5400,XIRECS,18.0,2,2,VEV_5400,True,4,5276.5,-3.0
287100,Mark 01,Mark 22,VEV_5500,XIRECS,7.0,2,2,VEV_5500,True,4,5276.5,-3.0
287100,Mark 01,Mark 22,VEV_6000,XIRECS,0.0,2,2,VEV_6000,True,4,5276.5,-3.0
287100,Mark 01,Mark 22,VEV_6500,XIRECS,0.0,2,2,VEV_6500,True,4,5276.5,-3.0
287600,Mark 01,Mark 22,VEV_5400,XIRECS,18.0,2,2,VEV_5400,True,4,5277.5,-1.5
287600,Mark 01,Mark 22,VEV_5500,XIRECS,7.0,2,2,VEV_5500,True,4,5277.5,-1.5
287600,Mark 01,Mark 22,VEV_6000,XIRECS,0.0,2,2,VEV_6000,True,4,5277.5,-1.5
287600,Mark 01,Mark 22,VEV_6500,XIRECS,0.0,2,2,VEV_6500,True,4,5277.5,-1.5
289300,Mark 01,Mark 22,VEV_5400,XIRECS,17.0,2,2,VEV_5400,True,5,5273.5,-1.0
289300,Mark 01,Mark 22,VEV_5500,XIRECS,7.0,2,2,VEV_5500,True,5,5273.5,-1.0
289300,Mark 01,Mark 22,VEV_6000,XIRECS,0.0,2,2,VEV_6000,True,5,5273.5,-1.0
289300,Mark 01,Mark 22,VEV_6500,XIRECS,0.0,2,2,VEV_6500,True,5,5273.5,-1.0
294600,Mark 01,Mark 22,VEV_5400,XIRECS,16.0,2,2,VEV_5400,True,4,5268.0,4.5
294600,Mark 01,Mark 22,VEV_6000,XIRECS,0.0,2,2,VEV_6000,True,4,5268.0,4.5
294600,Mark 01,Mark 22,VEV_6500,XIRECS,0.0,2,2,VEV_6500,True,4,5268.0,4.5
316700,Mark 01,Mark 22,VEV_5400,XIRECS,17.0,3,2,VEV_5400,True,4,5275.5,-6.0
316700,Mark 01,Mark 22,VEV_5500,XIRECS,7.0,3,2,VEV_5500,True,4,5275.5,-6.0
316700,Mark 01,Mark 22,VEV_6000,XIRECS,0.0,3,2,VEV_6000,True,4,5275.5,-6.0
316700,Mark 01,Mark 22,VEV_6500,XIRECS,0.0,3,2,VEV_6500,True,4,5275.5,-6.0
317500,Mark 01,Mark 22,VEV_5400,XIRECS,17.0,3,2,VEV_5400,True,4,5275.5,0.0
317500,Mark 01,Mark 22,VEV_5500,XIRECS,7.0,3,2,VEV_5500,True,4,5275.5,0.0
317500,Mark 01,Mark 22,VEV_6000,XIRECS,0.0,3,2,VEV_6000,True,4,5275.5,0.0
317500,Mark 01,Mark 22,VEV_6500,XIRECS,0.0,3,2,VEV_6500,True,4,5275.5,0.0
320800,Mark 01,Mark 22,VEV_5300,XIRECS,52.0,5,2,VEV_5300,True,5,5274.5,1.0
320800,Mark 01,Mark 22,VEV_5400,XIRECS,17.0,5,2,VEV_5400,True,5,5274.5,1.0
320800,Mark 01,Mark 22,VEV_5500,XIRECS,7.0,5,2,VEV_5500,True,5,5274.5,1.0
320800,Mark 01,Mark 22,VEV_6000,XIRECS,0.0,5,2,VEV_6000,True,5,5274.5,1.0
320800,Mark 01,Mark 22,VEV_6500,XIRECS,0.0,5,2,VEV_6500,True,5,5274.5,1.0
321600,Mark 01,Mark 22,VEV_5300,XIRECS,50.0,4,2,VEV_5300,True,5,5270.5,-0.5
321600,Mark 01,Mark 22,VEV_5400,XIRECS,16.0,4,2,VEV_5400,True,5,5270.5,-0.5
321600,Mark 01,Mark 22,VEV_5500,XIRECS,7.0,4,2,VEV_5500,True,5,5270.5,-0.5
321600,Mark 01,Mark 22,VEV_6000,XIRECS,0.0,4,2,VEV_6000,True,5,5270.5,-0.5
321600,Mark 01,Mark 22,VEV_6500,XIRECS,0.0,4,2,VEV_6500,True,5,5270.5,-0.5
341400,Mark 01,Mark 22,VEV_5400,XIRECS,16.0,4,2,VEV_5400,True,4,5270.5,2.0
341400,Mark 01,Mark 22,VEV_6000,XIRECS,0.0,4,2,VEV_6000,True,4,5270.5,2.0
341400,Mark 01,Mark 22,VEV_6500,XIRECS,0.0,4,2,VEV_6500,True,4,5270.5,2.0
347800,Mark 01,Mark 22,VEV_5400,XIRECS,15.0,4,2,VEV_5400,True,4,5265.0,-0.5
347800,Mark 01,Mark 22,VEV_5500,XIRECS,6.0,4,2,VEV_5500,True,4,5265.0,-0.5
347800,Mark 01,Mark 22,VEV_6000,XIRECS,0.0,4,2,VEV_6000,True,4,5265.0,-0.5
347800,Mark 01,Mark 22,VEV_6500,XIRECS,0.0,4,2,VEV_6500,True,4,5265.0,-0.5
350700,Mark 01,Mark 22,VEV_5400,XIRECS,15.0,4,2,VEV_5400,True,5,5263.0,-7.5
350700,Mark 01,Mark 22,VEV_5500,XIRECS,6.0,4,2,VEV_5500,True,5,5263.0,-7.5
350700,Mark 01,Mark 22,VEV_6000,XIRECS,0.0,4,2,VEV_6000,True,5,5263.0,-7.5
350700,Mark 01,Mark 22,VEV_6500,XIRECS,0.0,4,2,VEV_6500,True,5,5263.0,-7.5
358500,Mark 01,Mark 22,VEV_5300,XIRECS,47.0,2,2,VEV_5300,True,5,5263.0,3.5
358500,Mark 01,Mark 22,VEV_5400,XIRECS,15.0,2,2,VEV_5400,True,5,5263.0,3.5
358500,Mark 01,Mark 22,VEV_5500,XIRECS,6.0,2,2,VEV_5500,True,5,5263.0,3.5
358500,Mark 01,Mark 22,VEV_6000,XIRECS,0.0,2,2,VEV_6000,True,5,5263.0,3.5
358500,Mark 01,Mark 22,VEV_6500,XIRECS,0.0,2,2,VEV_6500,True,5,5263.0,3.5
362600,Mark 01,Mark 22,VEV_5300,XIRECS,47.0,5,2,VEV_5300,True,4,5262.5,-4.0
362600,Mark 01,Mark 22,VEV_5500,XIRECS,6.0,5,2,VEV_5500,True,4,5262.5,-4.0
362600,Mark 01,Mark 22,VEV_6000,XIRECS,0.0,5,2,VEV_6000,True,4,5262.5,-4.0
362600,Mark 01,Mark 22,VEV_6500,XIRECS,0.0,5,2,VEV_6500,True,4,5262.5,-4.0
365600,Mark 01,Mark 22,VEV_5300,XIRECS,45.0,4,2,VEV_5300,True,5,5258.5,2.0
365600,Mark 01,Mark 22,VEV_5400,XIRECS,14.0,4,2,VEV_5400,True,5,5258.5,2.0
365600,Mark 01,Mark 22,VEV_5500,XIRECS,5.0,4,2,VEV_5500,True,5,5258.5,2.0
365600,Mark 01,Mark 22,VEV_6000,XIRECS,0.0,4,2,VEV_6000,True,5,5258.5,2.0
365600,Mark 01,Mark 22,VEV_6500,XIRECS,0.0,4,2,VEV_6500,True,5,5258.5,2.0
373800,Mark 01,Mark 22,VEV_5500,XIRECS,5.0,4,2,VEV_5500,True,3,5251.0,3.0
373800,Mark 01,Mark 22,VEV_6000,XIRECS,0.0,4,2,VEV_6000,True,3,5251.0,3.0
373800,Mark 01,Mark 22,VEV_6500,XIRECS,0.0,4,2,VEV_6500,True,3,5251.0,3.0
376300,Mark 01,Mark 22,VEV_5400,XIRECS,13.0,5,2,VEV_5400,True,4,5254.5,-5.0
376300,Mark 01,Mark 22,VEV_5500,XIRECS,5.0,5,2,VEV_5500,True,4,5254.5,-5.0
376300,Mark 01,Mark 22,VEV_6000,XIRECS,0.0,5,2,VEV_6000,True,4,5254.5,-5.0
376300,Mark 01,Mark 22,VEV_6500,XIRECS,0.0,5,2,VEV_6500,True,4,5254.5,-5.0
389000,Mark 01,Mark 22,VEV_5300,XIRECS,38.0,2,2,VEV_5300,True,5,5239.0,2.0
389000,Mark 01,Mark 22,VEV_5400,XIRECS,11.0,2,2,VEV_5400,True,5,5239.0,2.0
389000,Mark 01,Mark 22,VEV_5500,XIRECS,4.0,2,2,VEV_5500,True,5,5239.0,2.0
389000,Mark 01,Mark 22,VEV_6000,XIRECS,0.0,2,2,VEV_6000,True,5,5239.0,2.0
389000,Mark 01,Mark 22,VEV_6500,XIRECS,0.0,2,2,VEV_6500,True,5,5239.0,2.0
390300,Mark 01,Mark 22,VEV_5300,XIRECS,38.0,3,2,VEV_5300,True,5,5239.5,6.0
390300,Mark 01,Mark 22,VEV_5400,XIRECS,11.0,3,2,VEV_5400,True,5,5239.5,6.0
390300,Mark 01,Mark 22,VEV_5500,XIRECS,4.0,3,2,VEV_5500,True,5,5239.5,6.0
390300,Mark 01,Mark 22,VEV_6000,XIRECS,0.0,3,2,VEV_6000,True,5,5239.5,6.0
390300,Mark 01,Mark 22,VEV_6500,XIRECS,0.0,3,2,VEV_6500,True,5,5239.5,6.0
398200,Mark 01,Mark 22,VEV_5400,XIRECS,10.0,2,2,VEV_5400,True,4,5234.0,1.0
398200,Mark 01,Mark 22,VEV_5500,XIRECS,4.0,2,2,VEV_5500,True,4,5234.0,1.0
398200,Mark 01,Mark 22,VEV_6000,XIRECS,0.0,2,2,VEV_6000,True,4,5234.0,1.0
398200,Mark 01,Mark 22,VEV_6500,XIRECS,0.0,2,2,VEV_6500,True,4,5234.0,1.0
410200,Mark 01,Mark 22,VEV_5400,XIRECS,9.0,5,2,VEV_5400,True,4,5228.5,-5.0
410200,Mark 01,Mark 22,VEV_5500,XIRECS,3.0,5,2,VEV_5500,True,4,5228.5,-5.0
410200,Mark 01,Mark 22,VEV_6000,XIRECS,0.0,5,2,VEV_6000,True,4,5228.5,-5.0
410200,Mark 01,Mark 22,VEV_6500,XIRECS,0.0,5,2,VEV_6500,True,4,5228.5,-5.0
414900,Mark 01,Mark 22,VEV_5300,XIRECS,34.0,3,2,VEV_5300,True,6,5226.5,9.0
414900,Mark 01,Mark 22,VEV_5400,XIRECS,9.0,3,2,VEV_5400,True,6,5226.5,9.0
414900,Mark 01,Mark 22,VEV_5500,XIRECS,3.0,3,2,VEV_5500,True,6,5226.5,9.0
414900,Mark 01,Mark 22,VEV_6000,XIRECS,0.0,3,2,VEV_6000,True,6,5226.5,9.0
414900,Mark 01,Mark 22,VEV_6500,XIRECS,0.0,3,2,VEV_6500,True,6,5226.5,9.0
415500,Mark 01,Mark 22,VEV_5400,XIRECS,9.0,4,2,VEV_5400,True,4,5228.5,5.0
415500,Mark 01,Mark 22,VEV_5500,XIRECS,3.0,4,2,VEV_5500,True,4,5228.5,5.0
415500,Mark 01,Mark 22,VEV_6000,XIRECS,0.0,4,2,VEV_6000,True,4,5228.5,5.0
415500,Mark 01,Mark 22,VEV_6500,XIRECS,0.0,4,2,VEV_6500,True,4,5228.5,5.0
423800,Mark 01,Mark 22,VEV_5300,XIRECS,36.0,5,2,VEV_5300,True,7,5232.5,5.0
423800,Mark 01,Mark 22,VEV_5400,XIRECS,10.0,5,2,VEV_5400,True,7,5232.5,5.0
423800,Mark 01,Mark 22,VEV_6000,XIRECS,0.0,5,2,VEV_6000,True,7,5232.5,5.0
423800,Mark 01,Mark 22,VEV_6500,XIRECS,0.0,5,2,VEV_6500,True,7,5232.5,5.0
433100,Mark 01,Mark 22,VEV_5300,XIRECS,38.0,2,2,VEV_5300,True,6,5239.0,-1.5
433100,Mark 01,Mark 22,VEV_5400,XIRECS,11.0,2,2,VEV_5400,True,6,5239.0,-1.5
433100,Mark 01,Mark 22,VEV_5500,XIRECS,4.0,2,2,VEV_5500,True,6,5239.0,-1.5
433100,Mark 01,Mark 22,VEV_6000,XIRECS,0.0,2,2,VEV_6000,True,6,5239.0,-1.5
433100,Mark 01,Mark 22,VEV_6500,XIRECS,0.0,2,2,VEV_6500,True,6,5239.0,-1.5
443600,Mark 01,Mark 22,VEV_5400,XIRECS,11.0,4,2,VEV_5400,True,5,5237.5,11.5
443600,Mark 01,Mark 22,VEV_5500,XIRECS,4.0,4,2,VEV_5500,True,5,5237.5,11.5
443600,Mark 01,Mark 22,VEV_6000,XIRECS,0.0,4,2,VEV_6000,True,5,5237.5,11.5
443600,Mark 01,Mark 22,VEV_6500,XIRECS,0.0,4,2,VEV_6500,True,5,5237.5,11.5
456200,Mark 01,Mark 22,VEV_5400,XIRECS,11.0,2,2,VEV_5400,True,5,5237.5,3.0
456200,Mark 01,Mark 22,VEV_5500,XIRECS,4.0,2,2,VEV_5500,True,5,5237.5,3.0
456200,Mark 01,Mark 22,VEV_6000,XIRECS,0.0,2,2,VEV_6000,True,5,5237.5,3.0
456200,Mark 01,Mark 22,VEV_6500,XIRECS,0.0,2,2,VEV_6500,True,5,5237.5,3.0
461200,Mark 01,Mark 22,VEV_5400,XIRECS,10.0,3,2,VEV_5400,True,5,5235.5,4.5
461200,Mark 01,Mark 22,VEV_5500,XIRECS,3.0,3,2,VEV_5500,True,5,5235.5,4.5
461200,Mark 01,Mark 22,VEV_6000,XIRECS,0.0,3,2,VEV_6000,True,5,5235.5,4.5
461200,Mark 01,Mark 22,VEV_6500,XIRECS,0.0,3,2,VEV_6500,True,5,5235.5,4.5
483400,Mark 01,Mark 22,VEV_5400,XIRECS,12.0,5,2,VEV_5400,True,6,5246.0,-3.5
483400,Mark 01,Mark 22,VEV_5500,XIRECS,4.0,5,2,VEV_5500,True,6,5246.0,-3.5
483400,Mark 01,Mark 22,VEV_6000,XIRECS,0.0,5,2,VEV_6000,True,6,5246.0,-3.5
483400,Mark 01,Mark 22,VEV_6500,XIRECS,0.0,5,2,VEV_6500,True,6,5246.0,-3.5
495700,Mark 01,Mark 22,VEV_5400,XIRECS,11.0,5,2,VEV_5400,True,5,5242.5,0.5
495700,Mark 01,Mark 22,VEV_5500,XIRECS,4.0,5,2,VEV_5500,True,5,5242.5,0.5
495700,Mark 01,Mark 22,VEV_6000,XIRECS,0.0,5,2,VEV_6000,True,5,5242.5,0.5
495700,Mark 01,Mark 22,VEV_6500,XIRECS,0.0,5,2,VEV_6500,True,5,5242.5,0.5
501900,Mark 01,Mark 22,VEV_5300,XIRECS,38.0,3,2,VEV_5300,True,5,5242.0,-5.5
501900,Mark 01,Mark 22,VEV_5400,XIRECS,11.0,3,2,VEV_5400,True,5,5242.0,-5.5
501900,Mark 01,Mark 22,VEV_5500,XIRECS,4.0,3,2,VEV_5500,True,5,5242.0,-5.5
501900,Mark 01,Mark 22,VEV_6000,XIRECS,0.0,3,2,VEV_6000,True,5,5242.0,-5.5
501900,Mark 01,Mark 22,VEV_6500,XIRECS,0.0,3,2,VEV_6500,True,5,5242.0,-5.5
508800,Mark 01,Mark 22,VEV_5400,XIRECS,10.0,5,2,VEV_5400,True,4,5235.5,-0.5
508800,Mark 01,Mark 22,VEV_5500,XIRECS,3.0,5,2,VEV_5500,True,4,5235.5,-0.5
508800,Mark 01,Mark 22,VEV_6000,XIRECS,0.0,5,2,VEV_6000,True,4,5235.5,-0.5
508800,Mark 01,Mark 22,VEV_6500,XIRECS,0.0,5,2,VEV_6500,True,4,5235.5,-0.5
519600,Mark 01,Mark 22,VEV_5300,XIRECS,40.0,5,2,VEV_5300,True,6,5247.5,-2.0
519600,Mark 01,Mark 22,VEV_5400,XIRECS,12.0,5,2,VEV_5400,True,6,5247.5,-2.0
519600,Mark 01,Mark 22,VEV_5500,XIRECS,4.0,5,2,VEV_5500,True,6,5247.5,-2.0
519600,Mark 01,Mark 22,VEV_6000,XIRECS,0.0,5,2,VEV_6000,True,6,5247.5,-2.0
519600,Mark 01,Mark 22,VEV_6500,XIRECS,0.0,5,2,VEV_6500,True,6,5247.5,-2.0
548600,Mark 01,Mark 22,VEV_5300,XIRECS,36.0,2,2,VEV_5300,True,3,5238.0,-0.5
548600,Mark 01,Mark 22,VEV_6000,XIRECS,0.0,2,2,VEV_6000,True,3,5238.0,-0.5
548600,Mark 01,Mark 22,VEV_6500,XIRECS,0.0,2,2,VEV_6500,True,3,5238.0,-0.5
554600,Mark 01,Mark 22,VEV_5400,XIRECS,11.0,5,2,VEV_5400,True,6,5242.5,-1.0
554600,Mark 01,Mark 22,VEV_5500,XIRECS,4.0,5,2,VEV_5500,True,6,5242.5,-1.0
554600,Mark 01,Mark 22,VEV_6000,XIRECS,0.0,5,2,VEV_6000,True,6,5242.5,-1.0
554600,Mark 01,Mark 22,VEV_6500,XIRECS,0.0,5,2,VEV_6500,True,6,5242.5,-1.0
555700,Mark 01,Mark 22,VEV_5400,XIRECS,11.0,3,2,VEV_5400,True,5,5241.5,-3.0
555700,Mark 01,Mark 22,VEV_5500,XIRECS,4.0,3,2,VEV_5500,True,5,5241.5,-3.0
555700,Mark 01,Mark 22,VEV_6000,XIRECS,0.0,3,2,VEV_6000,True,5,5241.5,-3.0
555700,Mark 01,Mark 22,VEV_6500,XIRECS,0.0,3,2,VEV_6500,True,5,5241.5,-3.0
566700,Mark 01,Mark 22,VEV_5400,XIRECS,9.0,2,2,VEV_5400,True,4,5231.0,-1.0
566700,Mark 01,Mark 22,VEV_5500,XIRECS,3.0,2,2,VEV_5500,True,4,5231.0,-1.0
566700,Mark 01,Mark 22,VEV_6000,XIRECS,0.0,2,2,VEV_6000,True,4,5231.0,-1.0
566700,Mark 01,Mark 22,VEV_6500,XIRECS,0.0,2,2,VEV_6500,True,4,5231.0,-1.0
575100,Mark 01,Mark 22,VEV_5400,XIRECS,9.0,4,2,VEV_5400,True,4,5231.5,-7.0
575100,Mark 01,Mark 22,VEV_5500,XIRECS,3.0,4,2,VEV_5500,True,4,5231.5,-7.0
575100,Mark 01,Mark 22,VEV_6000,XIRECS,0.0,4,2,VEV_6000,True,4,5231.5,-7.0
575100,Mark 01,Mark 22,VEV_6500,XIRECS,0.0,4,2,VEV_6500,True,4,5231.5,-7.0
587100,Mark 01,Mark 22,VEV_5400,XIRECS,7.0,4,2,VEV_5400,True,5,5212.5,3.0
587100,Mark 01,Mark 22,VEV_5500,XIRECS,2.0,4,2,VEV_5500,True,5,5212.5,3.0
587100,Mark 01,Mark 22,VEV_6000,XIRECS,0.0,4,2,VEV_6000,True,5,5212.5,3.0
587100,Mark 01,Mark 22,VEV_6500,XIRECS,0.0,4,2,VEV_6500,True,5,5212.5,3.0
588500,Mark 01,Mark 22,VEV_5300,XIRECS,28.0,4,2,VEV_5300,True,5,5214.5,-1.5
588500,Mark 01,Mark 22,VEV_5400,XIRECS,7.0,4,2,VEV_5400,True,5,5214.5,-1.5
588500,Mark 01,Mark 22,VEV_5500,XIRECS,2.0,4,2,VEV_5500,True,5,5214.5,-1.5
588500,Mark 01,Mark 22,VEV_6000,XIRECS,0.0,4,2,VEV_6000,True,5,5214.5,-1.5
588500,Mark 01,Mark 22,VEV_6500,XIRECS,0.0,4,2,VEV_6500,True,5,5214.5,-1.5
593000,Mark 01,Mark 22,VEV_5400,XIRECS,8.0,5,2,VEV_5400,True,4,5219.5,3.0
593000,Mark 01,Mark 22,VEV_5500,XIRECS,3.0,5,2,VEV_5500,True,4,5219.5,3.0
593000,Mark 01,Mark 22,VEV_6000,XIRECS,0.0,5,2,VEV_6000,True,4,5219.5,3.0
593000,Mark 01,Mark 22,VEV_6500,XIRECS,0.0,5,2,VEV_6500,True,4,5219.5,3.0
604100,Mark 01,Mark 22,VEV_5300,XIRECS,38.0,2,2,VEV_5300,True,5,5243.5,7.0
604100,Mark 01,Mark 22,VEV_5400,XIRECS,11.0,2,2,VEV_5400,True,5,5243.5,7.0
604100,Mark 01,Mark 22,VEV_5500,XIRECS,4.0,2,2,VEV_5500,True,5,5243.5,7.0
604100,Mark 01,Mark 22,VEV_6000,XIRECS,0.0,2,2,VEV_6000,True,5,5243.5,7.0
604100,Mark 01,Mark 22,VEV_6500,XIRECS,0.0,2,2,VEV_6500,True,5,5243.5,7.0
622600,Mark 01,Mark 22,VEV_5400,XIRECS,10.0,4,2,VEV_5400,True,4,5234.5,3.0
622600,Mark 01,Mark 22,VEV_5500,XIRECS,3.0,4,2,VEV_5500,True,4,5234.5,3.0
622600,Mark 01,Mark 22,VEV_6000,XIRECS,0.0,4,2,VEV_6000,True,4,5234.5,3.0
622600,Mark 01,Mark 22,VEV_6500,XIRECS,0.0,4,2,VEV_6500,True,4,5234.5,3.0
642400,Mark 01,Mark 22,VEV_5400,XIRECS,11.0,2,2,VEV_5400,True,4,5243.5,1.0
642400,Mark 01,Mark 22,VEV_5500,XIRECS,4.0,2,2,VEV_5500,True,4,5243.5,1.0
642400,Mark 01,Mark 22,VEV_6000,XIRECS,0.0,2,2,VEV_6000,True,4,5243.5,1.0
642400,Mark 01,Mark 22,VEV_6500,XIRECS,0.0,2,2,VEV_6500,True,4,5243.5,1.0
644500,Mark 01,Mark 22,VEV_5400,XIRECS,11.0,4,2,VEV_5400,True,4,5246.0,2.0
644500,Mark 01,Mark 22,VEV_5500,XIRECS,4.0,4,2,VEV_5500,True,4,5246.0,2.0
644500,Mark 01,Mark 22,VEV_6000,XIRECS,0.0,4,2,VEV_6000,True,4,5246.0,2.0
644500,Mark 01,Mark 22,VEV_6500,XIRECS,0.0,4,2,VEV_6500,True,4,5246.0,2.0
666500,Mark 01,Mark 22,VEV_5300,XIRECS,42.0,2,2,VEV_5300,True,6,5255.0,5.5
666500,Mark 01,Mark 22,VEV_5400,XIRECS,12.0,2,2,VEV_5400,True,6,5255.0,5.5
666500,Mark 01,Mark 22,VEV_5500,XIRECS,4.0,2,2,VEV_5500,True,6,5255.0,5.5
666500,Mark 01,Mark 22,VEV_6000,XIRECS,0.0,2,2,VEV_6000,True,6,5255.0,5.5
666500,Mark 01,Mark 22,VEV_6500,XIRECS,0.0,2,2,VEV_6500,True,6,5255.0,5.5
688600,Mark 01,Mark 22,VEV_5400,XIRECS,16.0,2,2,VEV_5400,True,4,5274.5,-2.0
688600,Mark 01,Mark 22,VEV_5500,XIRECS,6.0,2,2,VEV_5500,True,4,5274.5,-2.0
688600,Mark 01,Mark 22,VEV_6000,XIRECS,0.0,2,2,VEV_6000,True,4,5274.5,-2.0
688600,Mark 01,Mark 22,VEV_6500,XIRECS,0.0,2,2,VEV_6500,True,4,5274.5,-2.0
691100,Mark 01,Mark 22,VEV_5400,XIRECS,15.0,5,2,VEV_5400,True,4,5271.5,1.0
691100,Mark 01,Mark 22,VEV_5500,XIRECS,6.0,5,2,VEV_5500,True,4,5271.5,1.0
691100,Mark 01,Mark 22,VEV_6000,XIRECS,0.0,5,2,VEV_6000,True,4,5271.5,1.0
691100,Mark 01,Mark 22,VEV_6500,XIRECS,0.0,5,2,VEV_6500,True,4,5271.5,1.0
695800,Mark 01,Mark 22,VEV_5500,XIRECS,5.0,5,2,VEV_5500,True,3,5268.5,6.0
695800,Mark 01,Mark 22,VEV_6000,XIRECS,0.0,5,2,VEV_6000,True,3,5268.5,6.0
695800,Mark 01,Mark 22,VEV_6500,XIRECS,0.0,5,2,VEV_6500,True,3,5268.5,6.0
711900,Mark 01,Mark 22,VEV_5300,XIRECS,43.0,3,2,VEV_5300,True,5,5258.5,-7.0
711900,Mark 01,Mark 22,VEV_5400,XIRECS,13.0,3,2,VEV_5400,True,5,5258.5,-7.0
711900,Mark 01,Mark 22,VEV_5500,XIRECS,5.0,3,2,VEV_5500,True,5,5258.5,-7.0
711900,Mark 01,Mark 22,VEV_6000,XIRECS,0.0,3,2,VEV_6000,True,5,5258.5,-7.0
711900,Mark 01,Mark 22,VEV_6500,XIRECS,0.0,3,2,VEV_6500,True,5,5258.5,-7.0
726600,Mark 01,Mark 22,VEV_5400,XIRECS,8.0,2,2,VEV_5400,True,4,5230.0,2.0
726600,Mark 01,Mark 22,VEV_5500,XIRECS,3.0,2,2,VEV_5500,True,4,5230.0,2.0
726600,Mark 01,Mark 22,VEV_6000,XIRECS,0.0,2,2,VEV_6000,True,4,5230.0,2.0
726600,Mark 01,Mark 22,VEV_6500,XIRECS,0.0,2,2,VEV_6500,True,4,5230.0,2.0
733200,Mark 01,Mark 22,VEV_5400,XIRECS,8.0,4,2,VEV_5400,True,4,5230.5,-1.5
733200,Mark 01,Mark 22,VEV_5500,XIRECS,3.0,4,2,VEV_5500,True,4,5230.5,-1.5
733200,Mark 01,Mark 22,VEV_6000,XIRECS,0.0,4,2,VEV_6000,True,4,5230.5,-1.5
733200,Mark 01,Mark 22,VEV_6500,XIRECS,0.0,4,2,VEV_6500,True,4,5230.5,-1.5
748500,Mark 01,Mark 22,VEV_5300,XIRECS,28.0,2,2,VEV_5300,True,4,5214.5,1.0
748500,Mark 01,Mark 22,VEV_5500,XIRECS,2.0,2,2,VEV_5500,True,4,5214.5,1.0
748500,Mark 01,Mark 22,VEV_6000,XIRECS,0.0,2,2,VEV_6000,True,4,5214.5,1.0
748500,Mark 01,Mark 22,VEV_6500,XIRECS,0.0,2,2,VEV_6500,True,4,5214.5,1.0
763500,Mark 01,Mark 22,VEV_5400,XIRECS,7.0,5,2,VEV_5400,True,4,5222.5,5.5
763500,Mark 01,Mark 22,VEV_5500,XIRECS,2.0,5,2,VEV_5500,True,4,5222.5,5.5
763500,Mark 01,Mark 22,VEV_6000,XIRECS,0.0,5,2,VEV_6000,True,4,5222.5,5.5
763500,Mark 01,Mark 22,VEV_6500,XIRECS,0.0,5,2,VEV_6500,True,4,5222.5,5.5
764000,Mark 01,Mark 22,VEV_5400,XIRECS,8.0,3,2,VEV_5400,True,5,5227.5,-2.0
764000,Mark 01,Mark 22,VEV_5500,XIRECS,2.0,3,2,VEV_5500,True,5,5227.5,-2.0
764000,Mark 01,Mark 22,VEV_6000,XIRECS,0.0,3,2,VEV_6000,True,5,5227.5,-2.0
764000,Mark 01,Mark 22,VEV_6500,XIRECS,0.0,3,2,VEV_6500,True,5,5227.5,-2.0
779200,Mark 01,Mark 22,VEV_5300,XIRECS,37.0,4,2,VEV_5300,True,5,5243.5,-6.0
779200,Mark 01,Mark 22,VEV_5400,XIRECS,10.0,4,2,VEV_5400,True,5,5243.5,-6.0
779200,Mark 01,Mark 22,VEV_5500,XIRECS,3.0,4,2,VEV_5500,True,5,5243.5,-6.0
779200,Mark 01,Mark 22,VEV_6000,XIRECS,0.0,4,2,VEV_6000,True,5,5243.5,-6.0
779200,Mark 01,Mark 22,VEV_6500,XIRECS,0.0,4,2,VEV_6500,True,5,5243.5,-6.0
793900,Mark 01,Mark 22,VEV_5400,XIRECS,10.0,2,2,VEV_5400,True,5,5242.0,-1.0
793900,Mark 01,Mark 22,VEV_5500,XIRECS,3.0,2,2,VEV_5500,True,5,5242.0,-1.0
793900,Mark 01,Mark 22,VEV_6000,XIRECS,0.0,2,2,VEV_6000,True,5,5242.0,-1.0
793900,Mark 01,Mark 22,VEV_6500,XIRECS,0.0,2,2,VEV_6500,True,5,5242.0,-1.0
808800,Mark 01,Mark 22,VEV_5400,XIRECS,12.0,4,2,VEV_5400,True,5,5260.0,-9.0
808800,Mark 01,Mark 22,VEV_5500,XIRECS,4.0,4,2,VEV_5500,True,5,5260.0,-9.0
808800,Mark 01,Mark 22,VEV_6000,XIRECS,0.0,4,2,VEV_6000,True,5,5260.0,-9.0
808800,Mark 01,Mark 22,VEV_6500,XIRECS,0.0,4,2,VEV_6500,True,5,5260.0,-9.0
825900,Mark 01,Mark 22,VEV_5400,XIRECS,12.0,2,2,VEV_5400,True,4,5256.5,-3.5
825900,Mark 01,Mark 22,VEV_5500,XIRECS,4.0,2,2,VEV_5500,True,4,5256.5,-3.5
825900,Mark 01,Mark 22,VEV_6000,XIRECS,0.0,2,2,VEV_6000,True,4,5256.5,-3.5
825900,Mark 01,Mark 22,VEV_6500,XIRECS,0.0,2,2,VEV_6500,True,4,5256.5,-3.5
826400,Mark 01,Mark 22,VEV_5300,XIRECS,42.0,4,2,VEV_5300,True,5,5255.5,-0.5
826400,Mark 01,Mark 22,VEV_5400,XIRECS,12.0,4,2,VEV_5400,True,5,5255.5,-0.5
826400,Mark 01,Mark 22,VEV_5500,XIRECS,4.0,4,2,VEV_5500,True,5,5255.5,-0.5
826400,Mark 01,Mark 22,VEV_6000,XIRECS,0.0,4,2,VEV_6000,True,5,5255.5,-0.5
826400,Mark 01,Mark 22,VEV_6500,XIRECS,0.0,4,2,VEV_6500,True,5,5255.5,-0.5
836300,Mark 01,Mark 22,VEV_5400,XIRECS,12.0,4,2,VEV_5400,True,5,5256.5,0.0
836300,Mark 01,Mark 22,VEV_5500,XIRECS,4.0,4,2,VEV_5500,True,5,5256.5,0.0
836300,Mark 01,Mark 22,VEV_6000,XIRECS,0.0,4,2,VEV_6000,True,5,5256.5,0.0
836300,Mark 01,Mark 22,VEV_6500,XIRECS,0.0,4,2,VEV_6500,True,5,5256.5,0.0
872600,Mark 01,Mark 22,VEV_5300,XIRECS,39.0,2,2,VEV_5300,True,5,5248.5,-1.0
872600,Mark 01,Mark 22,VEV_5400,XIRECS,10.0,2,2,VEV_5400,True,5,5248.5,-1.0
872600,Mark 01,Mark 22,VEV_5500,XIRECS,3.0,2,2,VEV_5500,True,5,5248.5,-1.0
872600,Mark 01,Mark 22,VEV_6000,XIRECS,0.0,2,2,VEV_6000,True,5,5248.5,-1.0
872600,Mark 01,Mark 22,VEV_6500,XIRECS,0.0,2,2,VEV_6500,True,5,5248.5,-1.0
876500,Mark 01,Mark 22,VEV_5400,XIRECS,10.0,3,2,VEV_5400,True,5,5244.5,7.0
876500,Mark 01,Mark 22,VEV_5500,XIRECS,3.0,3,2,VEV_5500,True,5,5244.5,7.0
876500,Mark 01,Mark 22,VEV_6000,XIRECS,0.0,3,2,VEV_6000,True,5,5244.5,7.0
876500,Mark 01,Mark 22,VEV_6500,XIRECS,0.0,3,2,VEV_6500,True,5,5244.5,7.0
898600,Mark 01,Mark 22,VEV_5300,XIRECS,52.0,2,2,VEV_5300,True,4,5280.5,2.0
898600,Mark 01,Mark 22,VEV_5500,XIRECS,5.0,2,2,VEV_5500,True,4,5280.5,2.0
898600,Mark 01,Mark 22,VEV_6000,XIRECS,0.0,2,2,VEV_6000,True,4,5280.5,2.0
898600,Mark 01,Mark 22,VEV_6500,XIRECS,0.0,2,2,VEV_6500,True,4,5280.5,2.0
910900,Mark 01,Mark 22,VEV_5500,XIRECS,5.0,4,2,VEV_5500,True,3,5277.5,5.5
910900,Mark 01,Mark 22,VEV_6000,XIRECS,0.0,4,2,VEV_6000,True,3,5277.5,5.5
910900,Mark 01,Mark 22,VEV_6500,XIRECS,0.0,4,2,VEV_6500,True,3,5277.5,5.5
924200,Mark 01,Mark 22,VEV_5500,XIRECS,6.0,5,2,VEV_5500,True,3,5286.5,-6.0
924200,Mark 01,Mark 22,VEV_6000,XIRECS,0.0,5,2,VEV_6000,True,3,5286.5,-6.0
924200,Mark 01,Mark 22,VEV_6500,XIRECS,0.0,5,2,VEV_6500,True,3,5286.5,-6.0
934900,Mark 01,Mark 22,VEV_5400,XIRECS,16.0,5,2,VEV_5400,True,4,5279.5,-6.0
934900,Mark 01,Mark 22,VEV_5500,XIRECS,5.0,5,2,VEV_5500,True,4,5279.5,-6.0
934900,Mark 01,Mark 22,VEV_6000,XIRECS,0.0,5,2,VEV_6000,True,4,5279.5,-6.0
934900,Mark 01,Mark 22,VEV_6500,XIRECS,0.0,5,2,VEV_6500,True,4,5279.5,-6.0
948000,Mark 01,Mark 22,VEV_5500,XIRECS,5.0,4,2,VEV_5500,True,3,5276.5,-2.0
948000,Mark 01,Mark 22,VEV_6000,XIRECS,0.0,4,2,VEV_6000,True,3,5276.5,-2.0
948000,Mark 01,Mark 22,VEV_6500,XIRECS,0.0,4,2,VEV_6500,True,3,5276.5,-2.0
948500,Mark 01,Mark 22,VEV_5400,XIRECS,15.0,5,2,VEV_5400,True,5,5275.5,-2.0
948500,Mark 01,Mark 22,VEV_5500,XIRECS,5.0,5,2,VEV_5500,True,5,5275.5,-2.0
948500,Mark 01,Mark 22,VEV_6000,XIRECS,0.0,5,2,VEV_6000,True,5,5275.5,-2.0
948500,Mark 01,Mark 22,VEV_6500,XIRECS,0.0,5,2,VEV_6500,True,5,5275.5,-2.0
972800,Mark 01,Mark 22,VEV_5500,XIRECS,4.0,2,2,VEV_5500,True,4,5269.5,0.0
972800,Mark 01,Mark 22,VEV_6000,XIRECS,0.0,2,2,VEV_6000,True,4,5269.5,0.0
972800,Mark 01,Mark 22,VEV_6500,XIRECS,0.0,2,2,VEV_6500,True,4,5269.5,0.0
977300,Mark 01,Mark 22,VEV_5500,XIRECS,4.0,4,2,VEV_5500,True,4,5269.5,1.0
977300,Mark 01,Mark 22,VEV_6000,XIRECS,0.0,4,2,VEV_6000,True,4,5269.5,1.0
977300,Mark 01,Mark 22,VEV_6500,XIRECS,0.0,4,2,VEV_6500,True,4,5269.5,1.0
977500,Mark 01,Mark 22,VEV_5300,XIRECS,46.0,2,2,VEV_5300,True,4,5269.5,1.0
977500,Mark 01,Mark 22,VEV_5500,XIRECS,4.0,2,2,VEV_5500,True,4,5269.5,1.0
977500,Mark 01,Mark 22,VEV_6000,XIRECS,0.0,2,2,VEV_6000,True,4,5269.5,1.0
977500,Mark 01,Mark 22,VEV_6500,XIRECS,0.0,2,2,VEV_6500,True,4,5269.5,1.0
993800,Mark 01,Mark 22,VEV_5300,XIRECS,50.0,5,2,VEV_5300,True,5,5280.5,9.0
993800,Mark 01,Mark 22,VEV_5400,XIRECS,16.0,5,2,VEV_5400,True,5,5280.5,9.0
993800,Mark 01,Mark 22,VEV_5500,XIRECS,5.0,5,2,VEV_5500,True,5,5280.5,9.0
993800,Mark 01,Mark 22,VEV_6000,XIRECS,0.0,5,2,VEV_6000,True,5,5280.5,9.0
993800,Mark 01,Mark 22,VEV_6500,XIRECS,0.0,5,2,VEV_6500,True,5,5280.5,9.0
32900,Mark 01,Mark 22,VEV_5300,XIRECS,45.0,3,3,VEV_5300,True,5,5269.0,2.5
32900,Mark 01,Mark 22,VEV_5400,XIRECS,14.0,3,3,VEV_5400,True,5,5269.0,2.5
32900,Mark 01,Mark 22,VEV_5500,XIRECS,4.0,3,3,VEV_5500,True,5,5269.0,2.5
32900,Mark 01,Mark 22,VEV_6000,XIRECS,0.0,3,3,VEV_6000,True,5,5269.0,2.5
32900,Mark 01,Mark 22,VEV_6500,XIRECS,0.0,3,3,VEV_6500,True,5,5269.0,2.5
33600,Mark 01,Mark 22,VEV_5300,XIRECS,46.0,2,3,VEV_5300,True,5,5271.5,-1.0
33600,Mark 01,Mark 22,VEV_5500,XIRECS,4.0,2,3,VEV_5500,True,5,5271.5,-1.0
33600,Mark 01,Mark 22,VEV_6000,XIRECS,0.0,2,3,VEV_6000,True,5,5271.5,-1.0
33600,Mark 01,Mark 22,VEV_6500,XIRECS,0.0,2,3,VEV_6500,True,5,5271.5,-1.0
37000,Mark 01,Mark 22,VEV_5400,XIRECS,15.0,5,3,VEV_5400,True,4,5271.5,-9.0
37000,Mark 01,Mark 22,VEV_5500,XIRECS,4.0,5,3,VEV_5500,True,4,5271.5,-9.0
37000,Mark 01,Mark 22,VEV_6000,XIRECS,0.0,5,3,VEV_6000,True,4,5271.5,-9.0
37000,Mark 01,Mark 22,VEV_6500,XIRECS,0.0,5,3,VEV_6500,True,4,5271.5,-9.0
40200,Mark 01,Mark 22,VEV_5300,XIRECS,41.0,3,3,VEV_5300,True,4,5259.0,-10.5
40200,Mark 01,Mark 22,VEV_6000,XIRECS,0.0,3,3,VEV_6000,True,4,5259.0,-10.5
40200,Mark 01,Mark 22,VEV_6500,XIRECS,0.0,3,3,VEV_6500,True,4,5259.0,-10.5
45600,Mark 01,Mark 22,VEV_5400,XIRECS,11.0,4,3,VEV_5400,True,4,5248.5,1.0
45600,Mark 01,Mark 22,VEV_5500,XIRECS,3.0,4,3,VEV_5500,True,4,5248.5,1.0
45600,Mark 01,Mark 22,VEV_6000,XIRECS,0.0,4,3,VEV_6000,True,4,5248.5,1.0
45600,Mark 01,Mark 22,VEV_6500,XIRECS,0.0,4,3,VEV_6500,True,4,5248.5,1.0
47200,Mark 01,Mark 22,VEV_5400,XIRECS,11.0,3,3,VEV_5400,True,4,5249.5,1.0
47200,Mark 01,Mark 22,VEV_5500,XIRECS,3.0,3,3,VEV_5500,True,4,5249.5,1.0
47200,Mark 01,Mark 22,VEV_6000,XIRECS,0.0,3,3,VEV_6000,True,4,5249.5,1.0
47200,Mark 01,Mark 22,VEV_6500,XIRECS,0.0,3,3,VEV_6500,True,4,5249.5,1.0
54400,Mark 01,Mark 22,VEV_5400,XIRECS,11.0,2,3,VEV_5400,True,4,5249.5,3.0
54400,Mark 01,Mark 22,VEV_5500,XIRECS,3.0,2,3,VEV_5500,True,4,5249.5,3.0
54400,Mark 01,Mark 22,VEV_6000,XIRECS,0.0,2,3,VEV_6000,True,4,5249.5,3.0
54400,Mark 01,Mark 22,VEV_6500,XIRECS,0.0,2,3,VEV_6500,True,4,5249.5,3.0
69900,Mark 01,Mark 22,VEV_5400,XIRECS,12.0,5,3,VEV_5400,True,4,5257.5,8.0
69900,Mark 01,Mark 22,VEV_5500,XIRECS,3.0,5,3,VEV_5500,True,4,5257.5,8.0
69900,Mark 01,Mark 22,VEV_6000,XIRECS,0.0,5,3,VEV_6000,True,4,5257.5,8.0
69900,Mark 01,Mark 22,VEV_6500,XIRECS,0.0,5,3,VEV_6500,True,4,5257.5,8.0
70100,Mark 01,Mark 22,VEV_5400,XIRECS,12.0,5,3,VEV_5400,True,4,5255.5,10.0
70100,Mark 01,Mark 22,VEV_5500,XIRECS,3.0,5,3,VEV_5500,True,4,5255.5,10.0
70100,Mark 01,Mark 22,VEV_6000,XIRECS,0.0,5,3,VEV_6000,True,4,5255.5,10.0
70100,Mark 01,Mark 22,VEV_6500,XIRECS,0.0,5,3,VEV_6500,True,4,5255.5,10.0
70300,Mark 01,Mark 22,VEV_5400,XIRECS,12.0,4,3,VEV_5400,True,4,5257.5,7.0
70300,Mark 01,Mark 22,VEV_5500,XIRECS,3.0,4,3,VEV_5500,True,4,5257.5,7.0
70300,Mark 01,Mark 22,VEV_6000,XIRECS,0.0,4,3,VEV_6000,True,4,5257.5,7.0
70300,Mark 01,Mark 22,VEV_6500,XIRECS,0.0,4,3,VEV_6500,True,4,5257.5,7.0
74300,Mark 01,Mark 22,VEV_5300,XIRECS,41.0,3,3,VEV_5300,True,4,5259.0,-1.0
74300,Mark 01,Mark 22,VEV_5400,XIRECS,12.0,3,3,VEV_5400,True,4,5259.0,-1.0
74300,Mark 01,Mark 22,VEV_6000,XIRECS,0.0,3,3,VEV_6000,True,4,5259.0,-1.0
74300,Mark 01,Mark 22,VEV_6500,XIRECS,0.0,3,3,VEV_6500,True,4,5259.0,-1.0
87300,Mark 01,Mark 22,VEV_5400,XIRECS,10.0,3,3,VEV_5400,True,4,5247.0,-1.5
87300,Mark 01,Mark 22,VEV_5500,XIRECS,3.0,3,3,VEV_5500,True,4,5247.0,-1.5
87300,Mark 01,Mark 22,VEV_6000,XIRECS,0.0,3,3,VEV_6000,True,4,5247.0,-1.5
87300,Mark 01,Mark 22,VEV_6500,XIRECS,0.0,3,3,VEV_6500,True,4,5247.0,-1.5
92200,Mark 01,Mark 22,VEV_5300,XIRECS,40.0,3,3,VEV_5300,True,5,5256.5,-2.5
92200,Mark 01,Mark 22,VEV_5400,XIRECS,12.0,3,3,VEV_5400,True,5,5256.5,-2.5
92200,Mark 01,Mark 22,VEV_5500,XIRECS,3.0,3,3,VEV_5500,True,5,5256.5,-2.5
92200,Mark 01,Mark 22,VEV_6000,XIRECS,0.0,3,3,VEV_6000,True,5,5256.5,-2.5
92200,Mark 01,Mark 22,VEV_6500,XIRECS,0.0,3,3,VEV_6500,True,5,5256.5,-2.5
98900,Mark 01,Mark 22,VEV_5300,XIRECS,39.0,3,3,VEV_5300,True,6,5254.5,0.0
98900,Mark 01,Mark 22,VEV_5400,XIRECS,11.0,3,3,VEV_5400,True,6,5254.5,0.0
98900,Mark 01,Mark 22,VEV_5500,XIRECS,3.0,3,3,VEV_5500,True,6,5254.5,0.0
98900,Mark 01,Mark 22,VEV_6000,XIRECS,0.0,3,3,VEV_6000,True,6,5254.5,0.0
98900,Mark 01,Mark 22,VEV_6500,XIRECS,0.0,3,3,VEV_6500,True,6,5254.5,0.0
118700,Mark 01,Mark 22,VEV_5400,XIRECS,9.0,4,3,VEV_5400,True,4,5234.5,10.0
118700,Mark 01,Mark 22,VEV_5500,XIRECS,2.0,4,3,VEV_5500,True,4,5234.5,10.0
118700,Mark 01,Mark 22,VEV_6000,XIRECS,0.0,4,3,VEV_6000,True,4,5234.5,10.0
118700,Mark 01,Mark 22,VEV_6500,XIRECS,0.0,4,3,VEV_6500,True,4,5234.5,10.0
126600,Mark 01,Mark 22,VEV_5400,XIRECS,9.0,5,3,VEV_5400,True,5,5239.5,-2.0
126600,Mark 01,Mark 22,VEV_5500,XIRECS,2.0,5,3,VEV_5500,True,5,5239.5,-2.0
126600,Mark 01,Mark 22,VEV_6000,XIRECS,0.0,5,3,VEV_6000,True,5,5239.5,-2.0
126600,Mark 01,Mark 22,VEV_6500,XIRECS,0.0,5,3,VEV_6500,True,5,5239.5,-2.0
128700,Mark 01,Mark 22,VEV_5200,XIRECS,77.0,3,3,VEV_5200,True,6,5238.5,9.0
128700,Mark 01,Mark 22,VEV_5400,XIRECS,9.0,3,3,VEV_5400,True,6,5238.5,9.0
128700,Mark 01,Mark 22,VEV_5500,XIRECS,2.0,3,3,VEV_5500,True,6,5238.5,9.0
128700,Mark 01,Mark 22,VEV_6000,XIRECS,0.0,3,3,VEV_6000,True,6,5238.5,9.0
128700,Mark 01,Mark 22,VEV_6500,XIRECS,0.0,3,3,VEV_6500,True,6,5238.5,9.0
132100,Mark 01,Mark 22,VEV_5400,XIRECS,10.0,4,3,VEV_5400,True,4,5249.5,5.0
132100,Mark 01,Mark 22,VEV_5500,XIRECS,3.0,4,3,VEV_5500,True,4,5249.5,5.0
132100,Mark 01,Mark 22,VEV_6000,XIRECS,0.0,4,3,VEV_6000,True,4,5249.5,5.0
132100,Mark 01,Mark 22,VEV_6500,XIRECS,0.0,4,3,VEV_6500,True,4,5249.5,5.0
137700,Mark 01,Mark 22,VEV_5300,XIRECS,36.0,4,3,VEV_5300,True,5,5247.5,-4.0
137700,Mark 01,Mark 22,VEV_5400,XIRECS,10.0,4,3,VEV_5400,True,5,5247.5,-4.0
137700,Mark 01,Mark 22,VEV_5500,XIRECS,3.0,4,3,VEV_5500,True,5,5247.5,-4.0
137700,Mark 01,Mark 22,VEV_6000,XIRECS,0.0,4,3,VEV_6000,True,5,5247.5,-4.0
137700,Mark 01,Mark 22,VEV_6500,XIRECS,0.0,4,3,VEV_6500,True,5,5247.5,-4.0
142700,Mark 01,Mark 22,VEV_5400,XIRECS,9.0,5,3,VEV_5400,True,5,5239.5,3.0
142700,Mark 01,Mark 22,VEV_5500,XIRECS,2.0,5,3,VEV_5500,True,5,5239.5,3.0
142700,Mark 01,Mark 22,VEV_6000,XIRECS,0.0,5,3,VEV_6000,True,5,5239.5,3.0
142700,Mark 01,Mark 22,VEV_6500,XIRECS,0.0,5,3,VEV_6500,True,5,5239.5,3.0
144800,Mark 01,Mark 22,VEV_5400,XIRECS,10.0,3,3,VEV_5400,True,4,5242.5,3.0
144800,Mark 01,Mark 22,VEV_5500,XIRECS,2.0,3,3,VEV_5500,True,4,5242.5,3.0
144800,Mark 01,Mark 22,VEV_6000,XIRECS,0.0,3,3,VEV_6000,True,4,5242.5,3.0
144800,Mark 01,Mark 22,VEV_6500,XIRECS,0.0,3,3,VEV_6500,True,4,5242.5,3.0
155400,Mark 01,Mark 22,VEV_5300,XIRECS,33.0,2,3,VEV_5300,True,10,5239.5,-6.0
155400,Mark 01,Mark 22,VEV_5400,XIRECS,9.0,2,3,VEV_5400,True,10,5239.5,-6.0
155400,Mark 01,Mark 22,VEV_5500,XIRECS,2.0,2,3,VEV_5500,True,10,5239.5,-6.0
155400,Mark 01,Mark 22,VEV_6000,XIRECS,0.0,2,3,VEV_6000,True,10,5239.5,-6.0
155400,Mark 01,Mark 22,VEV_6500,XIRECS,0.0,2,3,VEV_6500,True,10,5239.5,-6.0
166000,Mark 01,Mark 22,VEV_5400,XIRECS,9.0,5,3,VEV_5400,True,4,5240.0,3.5
166000,Mark 01,Mark 22,VEV_5500,XIRECS,2.0,5,3,VEV_5500,True,4,5240.0,3.5
166000,Mark 01,Mark 22,VEV_6000,XIRECS,0.0,5,3,VEV_6000,True,4,5240.0,3.5
166000,Mark 01,Mark 22,VEV_6500,XIRECS,0.0,5,3,VEV_6500,True,4,5240.0,3.5
172300,Mark 01,Mark 22,VEV_5500,XIRECS,3.0,2,3,VEV_5500,True,3,5249.5,-2.0
172300,Mark 01,Mark 22,VEV_6000,XIRECS,0.0,2,3,VEV_6000,True,3,5249.5,-2.0
172300,Mark 01,Mark 22,VEV_6500,XIRECS,0.0,2,3,VEV_6500,True,3,5249.5,-2.0
218300,Mark 01,Mark 22,VEV_5300,XIRECS,29.0,5,3,VEV_5300,True,5,5228.5,4.0
218300,Mark 01,Mark 22,VEV_5400,XIRECS,8.0,5,3,VEV_5400,True,5,5228.5,4.0
218300,Mark 01,Mark 22,VEV_5500,XIRECS,2.0,5,3,VEV_5500,True,5,5228.5,4.0
218300,Mark 01,Mark 22,VEV_6000,XIRECS,0.0,5,3,VEV_6000,True,5,5228.5,4.0
218300,Mark 01,Mark 22,VEV_6500,XIRECS,0.0,5,3,VEV_6500,True,5,5228.5,4.0
220800,Mark 01,Mark 22,VEV_5300,XIRECS,31.0,4,3,VEV_5300,True,5,5233.5,-6.0
220800,Mark 01,Mark 22,VEV_5400,XIRECS,8.0,4,3,VEV_5400,True,5,5233.5,-6.0
220800,Mark 01,Mark 22,VEV_5500,XIRECS,2.0,4,3,VEV_5500,True,5,5233.5,-6.0
220800,Mark 01,Mark 22,VEV_6000,XIRECS,0.0,4,3,VEV_6000,True,5,5233.5,-6.0
220800,Mark 01,Mark 22,VEV_6500,XIRECS,0.0,4,3,VEV_6500,True,5,5233.5,-6.0
222400,Mark 01,Mark 22,VEV_5200,XIRECS,71.0,2,3,VEV_5200,True,6,5227.5,1.0
222400,Mark 01,Mark 22,VEV_5300,XIRECS,29.0,2,3,VEV_5300,True,6,5227.5,1.0
222400,Mark 01,Mark 22,VEV_5400,XIRECS,8.0,2,3,VEV_5400,True,6,5227.5,1.0
222400,Mark 01,Mark 22,VEV_5500,XIRECS,2.0,2,3,VEV_5500,True,6,5227.5,1.0
222400,Mark 01,Mark 22,VEV_6000,XIRECS,0.0,2,3,VEV_6000,True,6,5227.5,1.0
222400,Mark 01,Mark 22,VEV_6500,XIRECS,0.0,2,3,VEV_6500,True,6,5227.5,1.0
243700,Mark 01,Mark 22,VEV_5300,XIRECS,31.0,2,3,VEV_5300,True,5,5235.5,-1.0
243700,Mark 01,Mark 22,VEV_5400,XIRECS,9.0,2,3,VEV_5400,True,5,5235.5,-1.0
243700,Mark 01,Mark 22,VEV_5500,XIRECS,2.0,2,3,VEV_5500,True,5,5235.5,-1.0
243700,Mark 01,Mark 22,VEV_6000,XIRECS,0.0,2,3,VEV_6000,True,5,5235.5,-1.0
243700,Mark 01,Mark 22,VEV_6500,XIRECS,0.0,2,3,VEV_6500,True,5,5235.5,-1.0
250200,Mark 01,Mark 22,VEV_5400,XIRECS,9.0,5,3,VEV_5400,True,4,5237.5,-1.0
250200,Mark 01,Mark 22,VEV_5500,XIRECS,2.0,5,3,VEV_5500,True,4,5237.5,-1.0
250200,Mark 01,Mark 22,VEV_6000,XIRECS,0.0,5,3,VEV_6000,True,4,5237.5,-1.0
250200,Mark 01,Mark 22,VEV_6500,XIRECS,0.0,5,3,VEV_6500,True,4,5237.5,-1.0
253400,Mark 01,Mark 22,VEV_5500,XIRECS,2.0,5,3,VEV_5500,True,4,5242.5,-2.5
253400,Mark 01,Mark 22,VEV_6000,XIRECS,0.0,5,3,VEV_6000,True,4,5242.5,-2.5
253400,Mark 01,Mark 22,VEV_6500,XIRECS,0.0,5,3,VEV_6500,True,4,5242.5,-2.5
269000,Mark 01,Mark 22,VEV_5400,XIRECS,9.0,2,3,VEV_5400,True,6,5237.0,-6.5
269000,Mark 01,Mark 22,VEV_5500,XIRECS,2.0,2,3,VEV_5500,True,6,5237.0,-6.5
269000,Mark 01,Mark 22,VEV_6000,XIRECS,0.0,2,3,VEV_6000,True,6,5237.0,-6.5
269000,Mark 01,Mark 22,VEV_6500,XIRECS,0.0,2,3,VEV_6500,True,6,5237.0,-6.5
273400,Mark 01,Mark 22,VEV_5500,XIRECS,2.0,5,3,VEV_5500,True,3,5236.5,4.0
273400,Mark 01,Mark 22,VEV_6000,XIRECS,0.0,5,3,VEV_6000,True,3,5236.5,4.0
273400,Mark 01,Mark 22,VEV_6500,XIRECS,0.0,5,3,VEV_6500,True,3,5236.5,4.0
289400,Mark 01,Mark 22,VEV_5300,XIRECS,31.0,2,3,VEV_5300,True,5,5236.5,-7.0
289400,Mark 01,Mark 22,VEV_5400,XIRECS,8.0,2,3,VEV_5400,True,5,5236.5,-7.0
289400,Mark 01,Mark 22,VEV_5500,XIRECS,2.0,2,3,VEV_5500,True,5,5236.5,-7.0
289400,Mark 01,Mark 22,VEV_6000,XIRECS,0.0,2,3,VEV_6000,True,5,5236.5,-7.0
289400,Mark 01,Mark 22,VEV_6500,XIRECS,0.0,2,3,VEV_6500,True,5,5236.5,-7.0
290900,Mark 01,Mark 22,VEV_5300,XIRECS,29.0,4,3,VEV_5300,True,5,5229.5,-1.0
290900,Mark 01,Mark 22,VEV_5400,XIRECS,8.0,4,3,VEV_5400,True,5,5229.5,-1.0
290900,Mark 01,Mark 22,VEV_5500,XIRECS,1.0,4,3,VEV_5500,True,5,5229.5,-1.0
290900,Mark 01,Mark 22,VEV_6000,XIRECS,0.0,4,3,VEV_6000,True,5,5229.5,-1.0
290900,Mark 01,Mark 22,VEV_6500,XIRECS,0.0,4,3,VEV_6500,True,5,5229.5,-1.0
315800,Mark 01,Mark 22,VEV_5300,XIRECS,28.0,3,3,VEV_5300,True,5,5226.5,2.0
315800,Mark 01,Mark 22,VEV_5400,XIRECS,7.0,3,3,VEV_5400,True,5,5226.5,2.0
315800,Mark 01,Mark 22,VEV_5500,XIRECS,1.0,3,3,VEV_5500,True,5,5226.5,2.0
315800,Mark 01,Mark 22,VEV_6000,XIRECS,0.0,3,3,VEV_6000,True,5,5226.5,2.0
315800,Mark 01,Mark 22,VEV_6500,XIRECS,0.0,3,3,VEV_6500,True,5,5226.5,2.0
317200,Mark 01,Mark 22,VEV_5300,XIRECS,28.0,4,3,VEV_5300,True,5,5226.5,-3.0
317200,Mark 01,Mark 22,VEV_5400,XIRECS,7.0,4,3,VEV_5400,True,5,5226.5,-3.0
317200,Mark 01,Mark 22,VEV_5500,XIRECS,1.0,4,3,VEV_5500,True,5,5226.5,-3.0
317200,Mark 01,Mark 22,VEV_6000,XIRECS,0.0,4,3,VEV_6000,True,5,5226.5,-3.0
317200,Mark 01,Mark 22,VEV_6500,XIRECS,0.0,4,3,VEV_6500,True,5,5226.5,-3.0
319700,Mark 01,Mark 22,VEV_5300,XIRECS,27.0,2,3,VEV_5300,True,5,5224.5,-3.0
319700,Mark 01,Mark 22,VEV_5400,XIRECS,7.0,2,3,VEV_5400,True,5,5224.5,-3.0
319700,Mark 01,Mark 22,VEV_5500,XIRECS,1.0,2,3,VEV_5500,True,5,5224.5,-3.0
319700,Mark 01,Mark 22,VEV_6000,XIRECS,0.0,2,3,VEV_6000,True,5,5224.5,-3.0
319700,Mark 01,Mark 22,VEV_6500,XIRECS,0.0,2,3,VEV_6500,True,5,5224.5,-3.0
320200,Mark 01,Mark 22,VEV_5300,XIRECS,27.0,4,3,VEV_5300,True,6,5223.0,1.5
320200,Mark 01,Mark 22,VEV_5500,XIRECS,1.0,4,3,VEV_5500,True,6,5223.0,1.5
320200,Mark 01,Mark 22,VEV_6000,XIRECS,0.0,4,3,VEV_6000,True,6,5223.0,1.5
320200,Mark 01,Mark 22,VEV_6500,XIRECS,0.0,4,3,VEV_6500,True,6,5223.0,1.5
328700,Mark 01,Mark 22,VEV_5300,XIRECS,29.0,3,3,VEV_5300,True,6,5230.5,8.0
328700,Mark 01,Mark 22,VEV_5400,XIRECS,7.0,3,3,VEV_5400,True,6,5230.5,8.0
328700,Mark 01,Mark 22,VEV_5500,XIRECS,1.0,3,3,VEV_5500,True,6,5230.5,8.0
328700,Mark 01,Mark 22,VEV_6000,XIRECS,0.0,3,3,VEV_6000,True,6,5230.5,8.0
328700,Mark 01,Mark 22,VEV_6500,XIRECS,0.0,3,3,VEV_6500,True,6,5230.5,8.0
329200,Mark 01,Mark 22,VEV_5500,XIRECS,1.0,5,3,VEV_5500,True,5,5232.5,6.5
329200,Mark 01,Mark 22,VEV_6000,XIRECS,0.0,5,3,VEV_6000,True,5,5232.5,6.5
329200,Mark 01,Mark 22,VEV_6500,XIRECS,0.0,5,3,VEV_6500,True,5,5232.5,6.5
332600,Mark 01,Mark 22,VEV_5300,XIRECS,32.0,2,3,VEV_5300,True,5,5239.5,-5.0
332600,Mark 01,Mark 22,VEV_5400,XIRECS,8.0,2,3,VEV_5400,True,5,5239.5,-5.0
332600,Mark 01,Mark 22,VEV_5500,XIRECS,2.0,2,3,VEV_5500,True,5,5239.5,-5.0
332600,Mark 01,Mark 22,VEV_6000,XIRECS,0.0,2,3,VEV_6000,True,5,5239.5,-5.0
332600,Mark 01,Mark 22,VEV_6500,XIRECS,0.0,2,3,VEV_6500,True,5,5239.5,-5.0
346200,Mark 01,Mark 22,VEV_5400,XIRECS,7.0,3,3,VEV_5400,True,5,5226.5,-6.0
346200,Mark 01,Mark 22,VEV_5500,XIRECS,1.0,3,3,VEV_5500,True,5,5226.5,-6.0
346200,Mark 01,Mark 22,VEV_6000,XIRECS,0.0,3,3,VEV_6000,True,5,5226.5,-6.0
346200,Mark 01,Mark 22,VEV_6500,XIRECS,0.0,3,3,VEV_6500,True,5,5226.5,-6.0
350300,Mark 01,Mark 22,VEV_5300,XIRECS,27.0,4,3,VEV_5300,True,5,5223.5,-4.0
350300,Mark 01,Mark 22,VEV_5500,XIRECS,1.0,4,3,VEV_5500,True,5,5223.5,-4.0
350300,Mark 01,Mark 22,VEV_6000,XIRECS,0.0,4,3,VEV_6000,True,5,5223.5,-4.0
350300,Mark 01,Mark 22,VEV_6500,XIRECS,0.0,4,3,VEV_6500,True,5,5223.5,-4.0
363100,Mark 01,Mark 22,VEV_5200,XIRECS,68.0,2,3,VEV_5200,True,6,5224.5,-1.5
363100,Mark 01,Mark 22,VEV_5300,XIRECS,27.0,2,3,VEV_5300,True,6,5224.5,-1.5
363100,Mark 01,Mark 22,VEV_5400,XIRECS,6.0,2,3,VEV_5400,True,6,5224.5,-1.5
363100,Mark 01,Mark 22,VEV_5500,XIRECS,1.0,2,3,VEV_5500,True,6,5224.5,-1.5
363100,Mark 01,Mark 22,VEV_6000,XIRECS,0.0,2,3,VEV_6000,True,6,5224.5,-1.5
363100,Mark 01,Mark 22,VEV_6500,XIRECS,0.0,2,3,VEV_6500,True,6,5224.5,-1.5
364700,Mark 01,Mark 22,VEV_5300,XIRECS,27.0,3,3,VEV_5300,True,5,5223.5,0.0
364700,Mark 01,Mark 22,VEV_5400,XIRECS,6.0,3,3,VEV_5400,True,5,5223.5,0.0
364700,Mark 01,Mark 22,VEV_5500,XIRECS,1.0,3,3,VEV_5500,True,5,5223.5,0.0
364700,Mark 01,Mark 22,VEV_6000,XIRECS,0.0,3,3,VEV_6000,True,5,5223.5,0.0
364700,Mark 01,Mark 22,VEV_6500,XIRECS,0.0,3,3,VEV_6500,True,5,5223.5,0.0
369800,Mark 01,Mark 22,VEV_5300,XIRECS,28.0,5,3,VEV_5300,True,6,5228.5,4.0
369800,Mark 01,Mark 22,VEV_5400,XIRECS,7.0,5,3,VEV_5400,True,6,5228.5,4.0
369800,Mark 01,Mark 22,VEV_5500,XIRECS,1.0,5,3,VEV_5500,True,6,5228.5,4.0
369800,Mark 01,Mark 22,VEV_6000,XIRECS,0.0,5,3,VEV_6000,True,6,5228.5,4.0
369800,Mark 01,Mark 22,VEV_6500,XIRECS,0.0,5,3,VEV_6500,True,6,5228.5,4.0
385400,Mark 01,Mark 22,VEV_5300,XIRECS,32.0,4,3,VEV_5300,True,5,5240.5,5.0
385400,Mark 01,Mark 22,VEV_5400,XIRECS,8.0,4,3,VEV_5400,True,5,5240.5,5.0
385400,Mark 01,Mark 22,VEV_5500,XIRECS,2.0,4,3,VEV_5500,True,5,5240.5,5.0
385400,Mark 01,Mark 22,VEV_6000,XIRECS,0.0,4,3,VEV_6000,True,5,5240.5,5.0
385400,Mark 01,Mark 22,VEV_6500,XIRECS,0.0,4,3,VEV_6500,True,5,5240.5,5.0
389100,Mark 01,Mark 22,VEV_5300,XIRECS,32.0,2,3,VEV_5300,True,5,5240.5,7.0
389100,Mark 01,Mark 22,VEV_5400,XIRECS,8.0,2,3,VEV_5400,True,5,5240.5,7.0
389100,Mark 01,Mark 22,VEV_5500,XIRECS,2.0,2,3,VEV_5500,True,5,5240.5,7.0
389100,Mark 01,Mark 22,VEV_6000,XIRECS,0.0,2,3,VEV_6000,True,5,5240.5,7.0
389100,Mark 01,Mark 22,VEV_6500,XIRECS,0.0,2,3,VEV_6500,True,5,5240.5,7.0
391400,Mark 01,Mark 22,VEV_5300,XIRECS,34.0,4,3,VEV_5300,True,5,5246.5,0.5
391400,Mark 01,Mark 22,VEV_5400,XIRECS,9.0,4,3,VEV_5400,True,5,5246.5,0.5
391400,Mark 01,Mark 22,VEV_5500,XIRECS,2.0,4,3,VEV_5500,True,5,5246.5,0.5
391400,Mark 01,Mark 22,VEV_6000,XIRECS,0.0,4,3,VEV_6000,True,5,5246.5,0.5
391400,Mark 01,Mark 22,VEV_6500,XIRECS,0.0,4,3,VEV_6500,True,5,5246.5,0.5
396000,Mark 01,Mark 22,VEV_5400,XIRECS,10.0,4,3,VEV_5400,True,5,5252.5,-1.0
396000,Mark 01,Mark 22,VEV_5500,XIRECS,2.0,4,3,VEV_5500,True,5,5252.5,-1.0
396000,Mark 01,Mark 22,VEV_6000,XIRECS,0.0,4,3,VEV_6000,True,5,5252.5,-1.0
396000,Mark 01,Mark 22,VEV_6500,XIRECS,0.0,4,3,VEV_6500,True,5,5252.5,-1.0
428900,Mark 01,Mark 22,VEV_5300,XIRECS,25.0,5,3,VEV_5300,True,6,5219.5,-4.5
428900,Mark 01,Mark 22,VEV_5400,XIRECS,6.0,5,3,VEV_5400,True,6,5219.5,-4.5
428900,Mark 01,Mark 22,VEV_5500,XIRECS,1.0,5,3,VEV_5500,True,6,5219.5,-4.5
428900,Mark 01,Mark 22,VEV_6000,XIRECS,0.0,5,3,VEV_6000,True,6,5219.5,-4.5
428900,Mark 01,Mark 22,VEV_6500,XIRECS,0.0,5,3,VEV_6500,True,6,5219.5,-4.5
431900,Mark 01,Mark 22,VEV_5200,XIRECS,63.0,5,3,VEV_5200,True,6,5215.5,2.0
431900,Mark 01,Mark 22,VEV_5300,XIRECS,24.0,5,3,VEV_5300,True,6,5215.5,2.0
431900,Mark 01,Mark 22,VEV_5400,XIRECS,5.0,5,3,VEV_5400,True,6,5215.5,2.0
431900,Mark 01,Mark 22,VEV_5500,XIRECS,1.0,5,3,VEV_5500,True,6,5215.5,2.0
431900,Mark 01,Mark 22,VEV_6000,XIRECS,0.0,5,3,VEV_6000,True,6,5215.5,2.0
431900,Mark 01,Mark 22,VEV_6500,XIRECS,0.0,5,3,VEV_6500,True,6,5215.5,2.0
442200,Mark 01,Mark 22,VEV_5300,XIRECS,23.0,2,3,VEV_5300,True,5,5213.5,3.0
442200,Mark 01,Mark 22,VEV_5400,XIRECS,5.0,2,3,VEV_5400,True,5,5213.5,3.0
442200,Mark 01,Mark 22,VEV_5500,XIRECS,1.0,2,3,VEV_5500,True,5,5213.5,3.0
442200,Mark 01,Mark 22,VEV_6000,XIRECS,0.0,2,3,VEV_6000,True,5,5213.5,3.0
442200,Mark 01,Mark 22,VEV_6500,XIRECS,0.0,2,3,VEV_6500,True,5,5213.5,3.0
451300,Mark 01,Mark 22,VEV_5400,XIRECS,5.0,3,3,VEV_5400,True,6,5210.5,-1.0
451300,Mark 01,Mark 22,VEV_5500,XIRECS,1.0,3,3,VEV_5500,True,6,5210.5,-1.0
451300,Mark 01,Mark 22,VEV_6000,XIRECS,0.0,3,3,VEV_6000,True,6,5210.5,-1.0
451300,Mark 01,Mark 22,VEV_6500,XIRECS,0.0,3,3,VEV_6500,True,6,5210.5,-1.0
456600,Mark 01,Mark 22,VEV_5300,XIRECS,23.0,2,3,VEV_5300,True,5,5213.5,-2.0
456600,Mark 01,Mark 22,VEV_5400,XIRECS,5.0,2,3,VEV_5400,True,5,5213.5,-2.0
456600,Mark 01,Mark 22,VEV_5500,XIRECS,1.0,2,3,VEV_5500,True,5,5213.5,-2.0
456600,Mark 01,Mark 22,VEV_6000,XIRECS,0.0,2,3,VEV_6000,True,5,5213.5,-2.0
456600,Mark 01,Mark 22,VEV_6500,XIRECS,0.0,2,3,VEV_6500,True,5,5213.5,-2.0
459800,Mark 01,Mark 22,VEV_5300,XIRECS,23.0,2,3,VEV_5300,True,5,5213.5,-2.0
459800,Mark 01,Mark 22,VEV_5400,XIRECS,5.0,2,3,VEV_5400,True,5,5213.5,-2.0
459800,Mark 01,Mark 22,VEV_5500,XIRECS,1.0,2,3,VEV_5500,True,5,5213.5,-2.0
459800,Mark 01,Mark 22,VEV_6000,XIRECS,0.0,2,3,VEV_6000,True,5,5213.5,-2.0
459800,Mark 01,Mark 22,VEV_6500,XIRECS,0.0,2,3,VEV_6500,True,5,5213.5,-2.0
483900,Mark 01,Mark 22,VEV_5300,XIRECS,22.0,3,3,VEV_5300,True,4,5209.5,7.0
483900,Mark 01,Mark 22,VEV_5500,XIRECS,1.0,3,3,VEV_5500,True,4,5209.5,7.0
483900,Mark 01,Mark 22,VEV_6000,XIRECS,0.0,3,3,VEV_6000,True,4,5209.5,7.0
483900,Mark 01,Mark 22,VEV_6500,XIRECS,0.0,3,3,VEV_6500,True,4,5209.5,7.0
485500,Mark 01,Mark 22,VEV_5400,XIRECS,5.0,2,3,VEV_5400,True,4,5216.5,-6.0
485500,Mark 01,Mark 22,VEV_5500,XIRECS,1.0,2,3,VEV_5500,True,4,5216.5,-6.0
485500,Mark 01,Mark 22,VEV_6000,XIRECS,0.0,2,3,VEV_6000,True,4,5216.5,-6.0
485500,Mark 01,Mark 22,VEV_6500,XIRECS,0.0,2,3,VEV_6500,True,4,5216.5,-6.0
498100,Mark 01,Mark 22,VEV_5300,XIRECS,21.0,5,3,VEV_5300,True,6,5204.5,-3.0
498100,Mark 01,Mark 22,VEV_5400,XIRECS,4.0,5,3,VEV_5400,True,6,5204.5,-3.0
498100,Mark 01,Mark 22,VEV_6000,XIRECS,0.0,5,3,VEV_6000,True,6,5204.5,-3.0
498100,Mark 01,Mark 22,VEV_6500,XIRECS,0.0,5,3,VEV_6500,True,6,5204.5,-3.0
511800,Mark 01,Mark 22,VEV_5200,XIRECS,55.0,2,3,VEV_5200,True,6,5201.5,5.0
511800,Mark 01,Mark 22,VEV_5300,XIRECS,20.0,2,3,VEV_5300,True,6,5201.5,5.0
511800,Mark 01,Mark 22,VEV_5400,XIRECS,4.0,2,3,VEV_5400,True,6,5201.5,5.0
511800,Mark 01,Mark 22,VEV_5500,XIRECS,0.0,2,3,VEV_5500,True,6,5201.5,5.0
511800,Mark 01,Mark 22,VEV_6000,XIRECS,0.0,2,3,VEV_6000,True,6,5201.5,5.0
511800,Mark 01,Mark 22,VEV_6500,XIRECS,0.0,2,3,VEV_6500,True,6,5201.5,5.0
516400,Mark 01,Mark 22,VEV_5200,XIRECS,60.0,4,3,VEV_5200,True,6,5211.5,-2.0
516400,Mark 01,Mark 22,VEV_5400,XIRECS,4.0,4,3,VEV_5400,True,6,5211.5,-2.0
516400,Mark 01,Mark 22,VEV_5500,XIRECS,1.0,4,3,VEV_5500,True,6,5211.5,-2.0
516400,Mark 01,Mark 22,VEV_6000,XIRECS,0.0,4,3,VEV_6000,True,6,5211.5,-2.0
516400,Mark 01,Mark 22,VEV_6500,XIRECS,0.0,4,3,VEV_6500,True,6,5211.5,-2.0
524000,Mark 01,Mark 22,VEV_5200,XIRECS,57.0,2,3,VEV_5200,True,6,5205.5,0.0
524000,Mark 01,Mark 22,VEV_5300,XIRECS,21.0,2,3,VEV_5300,True,6,5205.5,0.0
524000,Mark 01,Mark 22,VEV_5400,XIRECS,4.0,2,3,VEV_5400,True,6,5205.5,0.0
524000,Mark 01,Mark 22,VEV_5500,XIRECS,1.0,2,3,VEV_5500,True,6,5205.5,0.0
524000,Mark 01,Mark 22,VEV_6000,XIRECS,0.0,2,3,VEV_6000,True,6,5205.5,0.0
524000,Mark 01,Mark 22,VEV_6500,XIRECS,0.0,2,3,VEV_6500,True,6,5205.5,0.0
529600,Mark 01,Mark 22,VEV_5400,XIRECS,4.0,2,3,VEV_5400,True,5,5200.5,-1.0
529600,Mark 01,Mark 22,VEV_5500,XIRECS,0.0,2,3,VEV_5500,True,5,5200.5,-1.0
529600,Mark 01,Mark 22,VEV_6000,XIRECS,0.0,2,3,VEV_6000,True,5,5200.5,-1.0
529600,Mark 01,Mark 22,VEV_6500,XIRECS,0.0,2,3,VEV_6500,True,5,5200.5,-1.0
531500,Mark 01,Mark 22,VEV_5300,XIRECS,20.0,2,3,VEV_5300,True,5,5200.5,-3.0
531500,Mark 01,Mark 22,VEV_5400,XIRECS,4.0,2,3,VEV_5400,True,5,5200.5,-3.0
531500,Mark 01,Mark 22,VEV_5500,XIRECS,0.0,2,3,VEV_5500,True,5,5200.5,-3.0
531500,Mark 01,Mark 22,VEV_6000,XIRECS,0.0,2,3,VEV_6000,True,5,5200.5,-3.0
531500,Mark 01,Mark 22,VEV_6500,XIRECS,0.0,2,3,VEV_6500,True,5,5200.5,-3.0
535400,Mark 01,Mark 22,VEV_5300,XIRECS,18.0,3,3,VEV_5300,True,5,5194.5,4.0
535400,Mark 01,Mark 22,VEV_5400,XIRECS,3.0,3,3,VEV_5400,True,5,5194.5,4.0
535400,Mark 01,Mark 22,VEV_5500,XIRECS,0.0,3,3,VEV_5500,True,5,5194.5,4.0
535400,Mark 01,Mark 22,VEV_6000,XIRECS,0.0,3,3,VEV_6000,True,5,5194.5,4.0
535400,Mark 01,Mark 22,VEV_6500,XIRECS,0.0,3,3,VEV_6500,True,5,5194.5,4.0
535900,Mark 01,Mark 22,VEV_5200,XIRECS,52.0,3,3,VEV_5200,True,6,5194.5,7.0
535900,Mark 01,Mark 22,VEV_5300,XIRECS,18.0,3,3,VEV_5300,True,6,5194.5,7.0
535900,Mark 01,Mark 22,VEV_5400,XIRECS,3.0,3,3,VEV_5400,True,6,5194.5,7.0
535900,Mark 01,Mark 22,VEV_5500,XIRECS,0.0,3,3,VEV_5500,True,6,5194.5,7.0
535900,Mark 01,Mark 22,VEV_6000,XIRECS,0.0,3,3,VEV_6000,True,6,5194.5,7.0
535900,Mark 01,Mark 22,VEV_6500,XIRECS,0.0,3,3,VEV_6500,True,6,5194.5,7.0
547600,Mark 01,Mark 22,VEV_5400,XIRECS,4.0,4,3,VEV_5400,True,5,5207.5,3.0
547600,Mark 01,Mark 22,VEV_5500,XIRECS,1.0,4,3,VEV_5500,True,5,5207.5,3.0
547600,Mark 01,Mark 22,VEV_6000,XIRECS,0.0,4,3,VEV_6000,True,5,5207.5,3.0
547600,Mark 01,Mark 22,VEV_6500,XIRECS,0.0,4,3,VEV_6500,True,5,5207.5,3.0
551600,Mark 01,Mark 22,VEV_5300,XIRECS,23.0,4,3,VEV_5300,True,4,5213.5,5.0
551600,Mark 01,Mark 22,VEV_5500,XIRECS,1.0,4,3,VEV_5500,True,4,5213.5,5.0
551600,Mark 01,Mark 22,VEV_6000,XIRECS,0.0,4,3,VEV_6000,True,4,5213.5,5.0
551600,Mark 01,Mark 22,VEV_6500,XIRECS,0.0,4,3,VEV_6500,True,4,5213.5,5.0
555100,Mark 01,Mark 22,VEV_5300,XIRECS,26.0,5,3,VEV_5300,True,6,5223.5,-2.0
555100,Mark 01,Mark 22,VEV_5400,XIRECS,5.0,5,3,VEV_5400,True,6,5223.5,-2.0
555100,Mark 01,Mark 22,VEV_5500,XIRECS,1.0,5,3,VEV_5500,True,6,5223.5,-2.0
555100,Mark 01,Mark 22,VEV_6000,XIRECS,0.0,5,3,VEV_6000,True,6,5223.5,-2.0
555100,Mark 01,Mark 22,VEV_6500,XIRECS,0.0,5,3,VEV_6500,True,6,5223.5,-2.0
556400,Mark 01,Mark 22,VEV_5400,XIRECS,5.0,5,3,VEV_5400,True,4,5219.5,-1.0
556400,Mark 01,Mark 22,VEV_5500,XIRECS,1.0,5,3,VEV_5500,True,4,5219.5,-1.0
556400,Mark 01,Mark 22,VEV_6000,XIRECS,0.0,5,3,VEV_6000,True,4,5219.5,-1.0
556400,Mark 01,Mark 22,VEV_6500,XIRECS,0.0,5,3,VEV_6500,True,4,5219.5,-1.0
565600,Mark 01,Mark 22,VEV_5400,XIRECS,6.0,4,3,VEV_5400,True,4,5226.5,-0.5
565600,Mark 01,Mark 22,VEV_5500,XIRECS,1.0,4,3,VEV_5500,True,4,5226.5,-0.5
565600,Mark 01,Mark 22,VEV_6000,XIRECS,0.0,4,3,VEV_6000,True,4,5226.5,-0.5
565600,Mark 01,Mark 22,VEV_6500,XIRECS,0.0,4,3,VEV_6500,True,4,5226.5,-0.5
580600,Mark 01,Mark 22,VEV_5300,XIRECS,25.0,5,3,VEV_5300,True,5,5222.0,-1.0
580600,Mark 01,Mark 22,VEV_5400,XIRECS,5.0,5,3,VEV_5400,True,5,5222.0,-1.0
580600,Mark 01,Mark 22,VEV_5500,XIRECS,1.0,5,3,VEV_5500,True,5,5222.0,-1.0
580600,Mark 01,Mark 22,VEV_6000,XIRECS,0.0,5,3,VEV_6000,True,5,5222.0,-1.0
580600,Mark 01,Mark 22,VEV_6500,XIRECS,0.0,5,3,VEV_6500,True,5,5222.0,-1.0
583100,Mark 01,Mark 22,VEV_5400,XIRECS,5.0,2,3,VEV_5400,True,4,5220.5,-5.0
583100,Mark 01,Mark 22,VEV_5500,XIRECS,1.0,2,3,VEV_5500,True,4,5220.5,-5.0
583100,Mark 01,Mark 22,VEV_6000,XIRECS,0.0,2,3,VEV_6000,True,4,5220.5,-5.0
583100,Mark 01,Mark 22,VEV_6500,XIRECS,0.0,2,3,VEV_6500,True,4,5220.5,-5.0
584300,Mark 01,Mark 22,VEV_5300,XIRECS,24.0,2,3,VEV_5300,True,5,5218.5,-6.0
584300,Mark 01,Mark 22,VEV_5400,XIRECS,5.0,2,3,VEV_5400,True,5,5218.5,-6.0
584300,Mark 01,Mark 22,VEV_5500,XIRECS,1.0,2,3,VEV_5500,True,5,5218.5,-6.0
584300,Mark 01,Mark 22,VEV_6000,XIRECS,0.0,2,3,VEV_6000,True,5,5218.5,-6.0
584300,Mark 01,Mark 22,VEV_6500,XIRECS,0.0,2,3,VEV_6500,True,5,5218.5,-6.0
612700,Mark 01,Mark 22,VEV_5300,XIRECS,27.0,2,3,VEV_5300,True,5,5229.5,8.0
612700,Mark 01,Mark 22,VEV_5400,XIRECS,6.0,2,3,VEV_5400,True,5,5229.5,8.0
612700,Mark 01,Mark 22,VEV_5500,XIRECS,1.0,2,3,VEV_5500,True,5,5229.5,8.0
612700,Mark 01,Mark 22,VEV_6000,XIRECS,0.0,2,3,VEV_6000,True,5,5229.5,8.0
612700,Mark 01,Mark 22,VEV_6500,XIRECS,0.0,2,3,VEV_6500,True,5,5229.5,8.0
614800,Mark 01,Mark 22,VEV_5400,XIRECS,7.0,2,3,VEV_5400,True,4,5237.0,-6.5
614800,Mark 01,Mark 22,VEV_5500,XIRECS,1.0,2,3,VEV_5500,True,4,5237.0,-6.5
614800,Mark 01,Mark 22,VEV_6000,XIRECS,0.0,2,3,VEV_6000,True,4,5237.0,-6.5
614800,Mark 01,Mark 22,VEV_6500,XIRECS,0.0,2,3,VEV_6500,True,4,5237.0,-6.5
621000,Mark 01,Mark 22,VEV_5400,XIRECS,5.0,5,3,VEV_5400,True,4,5220.0,3.5
621000,Mark 01,Mark 22,VEV_5500,XIRECS,1.0,5,3,VEV_5500,True,4,5220.0,3.5
621000,Mark 01,Mark 22,VEV_6000,XIRECS,0.0,5,3,VEV_6000,True,4,5220.0,3.5
621000,Mark 01,Mark 22,VEV_6500,XIRECS,0.0,5,3,VEV_6500,True,4,5220.0,3.5
622500,Mark 01,Mark 22,VEV_5300,XIRECS,25.0,2,3,VEV_5300,True,6,5221.5,2.0
622500,Mark 01,Mark 22,VEV_5400,XIRECS,5.0,2,3,VEV_5400,True,6,5221.5,2.0
622500,Mark 01,Mark 22,VEV_5500,XIRECS,1.0,2,3,VEV_5500,True,6,5221.5,2.0
622500,Mark 01,Mark 22,VEV_6000,XIRECS,0.0,2,3,VEV_6000,True,6,5221.5,2.0
622500,Mark 01,Mark 22,VEV_6500,XIRECS,0.0,2,3,VEV_6500,True,6,5221.5,2.0
624200,Mark 01,Mark 22,VEV_5400,XIRECS,5.0,5,3,VEV_5400,True,5,5223.5,12.0
624200,Mark 01,Mark 22,VEV_5500,XIRECS,1.0,5,3,VEV_5500,True,5,5223.5,12.0
624200,Mark 01,Mark 22,VEV_6000,XIRECS,0.0,5,3,VEV_6000,True,5,5223.5,12.0
624200,Mark 01,Mark 22,VEV_6500,XIRECS,0.0,5,3,VEV_6500,True,5,5223.5,12.0
627700,Mark 01,Mark 22,VEV_5200,XIRECS,76.0,2,3,VEV_5200,True,5,5239.0,-9.5
627700,Mark 01,Mark 22,VEV_5300,XIRECS,30.0,2,3,VEV_5300,True,5,5239.0,-9.5
627700,Mark 01,Mark 22,VEV_5400,XIRECS,7.0,2,3,VEV_5400,True,5,5239.0,-9.5
627700,Mark 01,Mark 22,VEV_6000,XIRECS,0.0,2,3,VEV_6000,True,5,5239.0,-9.5
627700,Mark 01,Mark 22,VEV_6500,XIRECS,0.0,2,3,VEV_6500,True,5,5239.0,-9.5
631300,Mark 01,Mark 22,VEV_5300,XIRECS,29.0,5,3,VEV_5300,True,5,5234.0,-3.5
631300,Mark 01,Mark 22,VEV_5400,XIRECS,6.0,5,3,VEV_5400,True,5,5234.0,-3.5
631300,Mark 01,Mark 22,VEV_5500,XIRECS,1.0,5,3,VEV_5500,True,5,5234.0,-3.5
631300,Mark 01,Mark 22,VEV_6000,XIRECS,0.0,5,3,VEV_6000,True,5,5234.0,-3.5
631300,Mark 01,Mark 22,VEV_6500,XIRECS,0.0,5,3,VEV_6500,True,5,5234.0,-3.5
631500,Mark 01,Mark 22,VEV_5300,XIRECS,29.0,2,3,VEV_5300,True,5,5234.5,-4.0
631500,Mark 01,Mark 22,VEV_5400,XIRECS,6.0,2,3,VEV_5400,True,5,5234.5,-4.0
631500,Mark 01,Mark 22,VEV_5500,XIRECS,1.0,2,3,VEV_5500,True,5,5234.5,-4.0
631500,Mark 01,Mark 22,VEV_6000,XIRECS,0.0,2,3,VEV_6000,True,5,5234.5,-4.0
631500,Mark 01,Mark 22,VEV_6500,XIRECS,0.0,2,3,VEV_6500,True,5,5234.5,-4.0
634500,Mark 01,Mark 22,VEV_5400,XIRECS,6.0,2,3,VEV_5400,True,5,5233.5,3.0
634500,Mark 01,Mark 22,VEV_5500,XIRECS,1.0,2,3,VEV_5500,True,5,5233.5,3.0
634500,Mark 01,Mark 22,VEV_6000,XIRECS,0.0,2,3,VEV_6000,True,5,5233.5,3.0
634500,Mark 01,Mark 22,VEV_6500,XIRECS,0.0,2,3,VEV_6500,True,5,5233.5,3.0
642500,Mark 01,Mark 22,VEV_5300,XIRECS,32.0,3,3,VEV_5300,True,5,5244.5,8.0
642500,Mark 01,Mark 22,VEV_5500,XIRECS,2.0,3,3,VEV_5500,True,5,5244.5,8.0
642500,Mark 01,Mark 22,VEV_6000,XIRECS,0.0,3,3,VEV_6000,True,5,5244.5,8.0
642500,Mark 01,Mark 22,VEV_6500,XIRECS,0.0,3,3,VEV_6500,True,5,5244.5,8.0
666500,Mark 01,Mark 22,VEV_5400,XIRECS,10.0,3,3,VEV_5400,True,4,5257.5,-1.0
666500,Mark 01,Mark 22,VEV_5500,XIRECS,2.0,3,3,VEV_5500,True,4,5257.5,-1.0
666500,Mark 01,Mark 22,VEV_6000,XIRECS,0.0,3,3,VEV_6000,True,4,5257.5,-1.0
666500,Mark 01,Mark 22,VEV_6500,XIRECS,0.0,3,3,VEV_6500,True,4,5257.5,-1.0
666700,Mark 01,Mark 22,VEV_5500,XIRECS,2.0,3,3,VEV_5500,True,3,5257.0,-1.5
666700,Mark 01,Mark 22,VEV_6000,XIRECS,0.0,3,3,VEV_6000,True,3,5257.0,-1.5
666700,Mark 01,Mark 22,VEV_6500,XIRECS,0.0,3,3,VEV_6500,True,3,5257.0,-1.5
671800,Mark 01,Mark 22,VEV_5300,XIRECS,33.0,4,3,VEV_5300,True,5,5246.0,11.5
671800,Mark 01,Mark 22,VEV_5400,XIRECS,8.0,4,3,VEV_5400,True,5,5246.0,11.5
671800,Mark 01,Mark 22,VEV_5500,XIRECS,2.0,4,3,VEV_5500,True,5,5246.0,11.5
671800,Mark 01,Mark 22,VEV_6000,XIRECS,0.0,4,3,VEV_6000,True,5,5246.0,11.5
671800,Mark 01,Mark 22,VEV_6500,XIRECS,0.0,4,3,VEV_6500,True,5,5246.0,11.5
671900,Mark 01,Mark 22,VEV_5300,XIRECS,33.0,4,3,VEV_5300,True,5,5248.5,8.0
671900,Mark 01,Mark 22,VEV_5400,XIRECS,8.0,4,3,VEV_5400,True,5,5248.5,8.0
671900,Mark 01,Mark 22,VEV_5500,XIRECS,2.0,4,3,VEV_5500,True,5,5248.5,8.0
671900,Mark 01,Mark 22,VEV_6000,XIRECS,0.0,4,3,VEV_6000,True,5,5248.5,8.0
671900,Mark 01,Mark 22,VEV_6500,XIRECS,0.0,4,3,VEV_6500,True,5,5248.5,8.0
678700,Mark 01,Mark 22,VEV_5400,XIRECS,9.0,3,3,VEV_5400,True,4,5255.0,1.5
678700,Mark 01,Mark 22,VEV_5500,XIRECS,2.0,3,3,VEV_5500,True,4,5255.0,1.5
678700,Mark 01,Mark 22,VEV_6000,XIRECS,0.0,3,3,VEV_6000,True,4,5255.0,1.5
678700,Mark 01,Mark 22,VEV_6500,XIRECS,0.0,3,3,VEV_6500,True,4,5255.0,1.5
689900,Mark 01,Mark 22,VEV_5300,XIRECS,30.0,5,3,VEV_5300,True,5,5239.0,4.5
689900,Mark 01,Mark 22,VEV_5400,XIRECS,7.0,5,3,VEV_5400,True,5,5239.0,4.5
689900,Mark 01,Mark 22,VEV_5500,XIRECS,2.0,5,3,VEV_5500,True,5,5239.0,4.5
689900,Mark 01,Mark 22,VEV_6000,XIRECS,0.0,5,3,VEV_6000,True,5,5239.0,4.5
689900,Mark 01,Mark 22,VEV_6500,XIRECS,0.0,5,3,VEV_6500,True,5,5239.0,4.5
699400,Mark 01,Mark 22,VEV_5300,XIRECS,32.0,4,3,VEV_5300,True,7,5246.5,-1.0
699400,Mark 01,Mark 22,VEV_5400,XIRECS,8.0,4,3,VEV_5400,True,7,5246.5,-1.0
699400,Mark 01,Mark 22,VEV_5500,XIRECS,2.0,4,3,VEV_5500,True,7,5246.5,-1.0
699400,Mark 01,Mark 22,VEV_6000,XIRECS,0.0,4,3,VEV_6000,True,7,5246.5,-1.0
699400,Mark 01,Mark 22,VEV_6500,XIRECS,0.0,4,3,VEV_6500,True,7,5246.5,-1.0
700300,Mark 01,Mark 22,VEV_5400,XIRECS,8.0,4,3,VEV_5400,True,5,5245.5,0.0
700300,Mark 01,Mark 22,VEV_5500,XIRECS,2.0,4,3,VEV_5500,True,5,5245.5,0.0
700300,Mark 01,Mark 22,VEV_6000,XIRECS,0.0,4,3,VEV_6000,True,5,5245.5,0.0
700300,Mark 01,Mark 22,VEV_6500,XIRECS,0.0,4,3,VEV_6500,True,5,5245.5,0.0
705400,Mark 01,Mark 22,VEV_5300,XIRECS,32.0,2,3,VEV_5300,True,6,5246.5,0.0
705400,Mark 01,Mark 22,VEV_5400,XIRECS,8.0,2,3,VEV_5400,True,6,5246.5,0.0
705400,Mark 01,Mark 22,VEV_5500,XIRECS,2.0,2,3,VEV_5500,True,6,5246.5,0.0
705400,Mark 01,Mark 22,VEV_6000,XIRECS,0.0,2,3,VEV_6000,True,6,5246.5,0.0
705400,Mark 01,Mark 22,VEV_6500,XIRECS,0.0,2,3,VEV_6500,True,6,5246.5,0.0
708800,Mark 01,Mark 22,VEV_5300,XIRECS,34.0,5,3,VEV_5300,True,5,5252.0,11.0
708800,Mark 01,Mark 22,VEV_5400,XIRECS,9.0,5,3,VEV_5400,True,5,5252.0,11.0
708800,Mark 01,Mark 22,VEV_5500,XIRECS,2.0,5,3,VEV_5500,True,5,5252.0,11.0
708800,Mark 01,Mark 22,VEV_6000,XIRECS,0.0,5,3,VEV_6000,True,5,5252.0,11.0
708800,Mark 01,Mark 22,VEV_6500,XIRECS,0.0,5,3,VEV_6500,True,5,5252.0,11.0
728500,Mark 01,Mark 22,VEV_5400,XIRECS,9.0,2,3,VEV_5400,True,5,5256.5,-3.0
728500,Mark 01,Mark 22,VEV_5500,XIRECS,2.0,2,3,VEV_5500,True,5,5256.5,-3.0
728500,Mark 01,Mark 22,VEV_6000,XIRECS,0.0,2,3,VEV_6000,True,5,5256.5,-3.0
728500,Mark 01,Mark 22,VEV_6500,XIRECS,0.0,2,3,VEV_6500,True,5,5256.5,-3.0
730000,Mark 01,Mark 22,VEV_5300,XIRECS,36.0,2,3,VEV_5300,True,5,5258.0,-9.5
730000,Mark 01,Mark 22,VEV_5400,XIRECS,9.0,2,3,VEV_5400,True,5,5258.0,-9.5
730000,Mark 01,Mark 22,VEV_5500,XIRECS,2.0,2,3,VEV_5500,True,5,5258.0,-9.5
730000,Mark 01,Mark 22,VEV_6000,XIRECS,0.0,2,3,VEV_6000,True,5,5258.0,-9.5
730000,Mark 01,Mark 22,VEV_6500,XIRECS,0.0,2,3,VEV_6500,True,5,5258.0,-9.5
741100,Mark 01,Mark 22,VEV_5300,XIRECS,29.0,2,3,VEV_5300,True,5,5237.5,4.0
741100,Mark 01,Mark 22,VEV_5400,XIRECS,7.0,2,3,VEV_5400,True,5,5237.5,4.0
741100,Mark 01,Mark 22,VEV_5500,XIRECS,1.0,2,3,VEV_5500,True,5,5237.5,4.0
741100,Mark 01,Mark 22,VEV_6000,XIRECS,0.0,2,3,VEV_6000,True,5,5237.5,4.0
741100,Mark 01,Mark 22,VEV_6500,XIRECS,0.0,2,3,VEV_6500,True,5,5237.5,4.0
753700,Mark 01,Mark 22,VEV_5300,XIRECS,27.0,3,3,VEV_5300,True,5,5228.5,4.0
753700,Mark 01,Mark 22,VEV_5400,XIRECS,6.0,3,3,VEV_5400,True,5,5228.5,4.0
753700,Mark 01,Mark 22,VEV_5500,XIRECS,1.0,3,3,VEV_5500,True,5,5228.5,4.0
753700,Mark 01,Mark 22,VEV_6000,XIRECS,0.0,3,3,VEV_6000,True,5,5228.5,4.0
753700,Mark 01,Mark 22,VEV_6500,XIRECS,0.0,3,3,VEV_6500,True,5,5228.5,4.0
766900,Mark 01,Mark 22,VEV_5400,XIRECS,6.0,2,3,VEV_5400,True,4,5233.0,1.5
766900,Mark 01,Mark 22,VEV_5500,XIRECS,1.0,2,3,VEV_5500,True,4,5233.0,1.5
766900,Mark 01,Mark 22,VEV_6000,XIRECS,0.0,2,3,VEV_6000,True,4,5233.0,1.5
766900,Mark 01,Mark 22,VEV_6500,XIRECS,0.0,2,3,VEV_6500,True,4,5233.0,1.5
777600,Mark 01,Mark 22,VEV_5200,XIRECS,69.0,5,3,VEV_5200,True,5,5229.0,0.5
777600,Mark 01,Mark 22,VEV_5500,XIRECS,1.0,5,3,VEV_5500,True,5,5229.0,0.5
777600,Mark 01,Mark 22,VEV_6000,XIRECS,0.0,5,3,VEV_6000,True,5,5229.0,0.5
777600,Mark 01,Mark 22,VEV_6500,XIRECS,0.0,5,3,VEV_6500,True,5,5229.0,0.5
784100,Mark 01,Mark 22,VEV_5400,XIRECS,7.0,3,3,VEV_5400,True,4,5242.0,5.5
784100,Mark 01,Mark 22,VEV_5500,XIRECS,1.0,3,3,VEV_5500,True,4,5242.0,5.5
784100,Mark 01,Mark 22,VEV_6000,XIRECS,0.0,3,3,VEV_6000,True,4,5242.0,5.5
784100,Mark 01,Mark 22,VEV_6500,XIRECS,0.0,3,3,VEV_6500,True,4,5242.0,5.5
785100,Mark 01,Mark 22,VEV_5300,XIRECS,31.0,2,3,VEV_5300,True,5,5242.5,5.5
785100,Mark 01,Mark 22,VEV_5400,XIRECS,7.0,2,3,VEV_5400,True,5,5242.5,5.5
785100,Mark 01,Mark 22,VEV_6000,XIRECS,0.0,2,3,VEV_6000,True,5,5242.5,5.5
785100,Mark 01,Mark 22,VEV_6500,XIRECS,0.0,2,3,VEV_6500,True,5,5242.5,5.5
788300,Mark 01,Mark 22,VEV_5400,XIRECS,8.0,4,3,VEV_5400,True,4,5248.5,-2.0
788300,Mark 01,Mark 22,VEV_5500,XIRECS,2.0,4,3,VEV_5500,True,4,5248.5,-2.0
788300,Mark 01,Mark 22,VEV_6000,XIRECS,0.0,4,3,VEV_6000,True,4,5248.5,-2.0
788300,Mark 01,Mark 22,VEV_6500,XIRECS,0.0,4,3,VEV_6500,True,4,5248.5,-2.0
793100,Mark 01,Mark 22,VEV_5300,XIRECS,32.0,2,3,VEV_5300,True,4,5246.0,1.0
793100,Mark 01,Mark 22,VEV_5500,XIRECS,2.0,2,3,VEV_5500,True,4,5246.0,1.0
793100,Mark 01,Mark 22,VEV_6000,XIRECS,0.0,2,3,VEV_6000,True,4,5246.0,1.0
793100,Mark 01,Mark 22,VEV_6500,XIRECS,0.0,2,3,VEV_6500,True,4,5246.0,1.0
807400,Mark 01,Mark 22,VEV_5400,XIRECS,9.0,2,3,VEV_5400,True,5,5259.5,2.0
807400,Mark 01,Mark 22,VEV_5500,XIRECS,2.0,2,3,VEV_5500,True,5,5259.5,2.0
807400,Mark 01,Mark 22,VEV_6000,XIRECS,0.0,2,3,VEV_6000,True,5,5259.5,2.0
807400,Mark 01,Mark 22,VEV_6500,XIRECS,0.0,2,3,VEV_6500,True,5,5259.5,2.0
820200,Mark 01,Mark 22,VEV_5300,XIRECS,34.0,5,3,VEV_5300,True,5,5252.5,0.0
820200,Mark 01,Mark 22,VEV_5400,XIRECS,8.0,5,3,VEV_5400,True,5,5252.5,0.0
820200,Mark 01,Mark 22,VEV_5500,XIRECS,2.0,5,3,VEV_5500,True,5,5252.5,0.0
820200,Mark 01,Mark 22,VEV_6000,XIRECS,0.0,5,3,VEV_6000,True,5,5252.5,0.0
820200,Mark 01,Mark 22,VEV_6500,XIRECS,0.0,5,3,VEV_6500,True,5,5252.5,0.0
826200,Mark 01,Mark 22,VEV_5400,XIRECS,8.0,5,3,VEV_5400,True,5,5247.0,2.0
826200,Mark 01,Mark 22,VEV_5500,XIRECS,2.0,5,3,VEV_5500,True,5,5247.0,2.0
826200,Mark 01,Mark 22,VEV_6000,XIRECS,0.0,5,3,VEV_6000,True,5,5247.0,2.0
826200,Mark 01,Mark 22,VEV_6500,XIRECS,0.0,5,3,VEV_6500,True,5,5247.0,2.0
834400,Mark 01,Mark 22,VEV_5300,XIRECS,29.0,5,3,VEV_5300,True,6,5240.5,-4.0
834400,Mark 01,Mark 22,VEV_5400,XIRECS,7.0,5,3,VEV_5400,True,6,5240.5,-4.0
834400,Mark 01,Mark 22,VEV_5500,XIRECS,1.0,5,3,VEV_5500,True,6,5240.5,-4.0
834400,Mark 01,Mark 22,VEV_6000,XIRECS,0.0,5,3,VEV_6000,True,6,5240.5,-4.0
834400,Mark 01,Mark 22,VEV_6500,XIRECS,0.0,5,3,VEV_6500,True,6,5240.5,-4.0
837500,Mark 01,Mark 22,VEV_5400,XIRECS,7.0,3,3,VEV_5400,True,4,5241.5,2.5
837500,Mark 01,Mark 22,VEV_5500,XIRECS,1.0,3,3,VEV_5500,True,4,5241.5,2.5
837500,Mark 01,Mark 22,VEV_6000,XIRECS,0.0,3,3,VEV_6000,True,4,5241.5,2.5
837500,Mark 01,Mark 22,VEV_6500,XIRECS,0.0,3,3,VEV_6500,True,4,5241.5,2.5
839800,Mark 01,Mark 22,VEV_5400,XIRECS,7.0,3,3,VEV_5400,True,5,5241.5,-6.0
839800,Mark 01,Mark 22,VEV_5500,XIRECS,1.0,3,3,VEV_5500,True,5,5241.5,-6.0
839800,Mark 01,Mark 22,VEV_6000,XIRECS,0.0,3,3,VEV_6000,True,5,5241.5,-6.0
839800,Mark 01,Mark 22,VEV_6500,XIRECS,0.0,3,3,VEV_6500,True,5,5241.5,-6.0
842200,Mark 01,Mark 22,VEV_5400,XIRECS,6.0,3,3,VEV_5400,True,4,5235.5,6.0
842200,Mark 01,Mark 22,VEV_5500,XIRECS,1.0,3,3,VEV_5500,True,4,5235.5,6.0
842200,Mark 01,Mark 22,VEV_6000,XIRECS,0.0,3,3,VEV_6000,True,4,5235.5,6.0
842200,Mark 01,Mark 22,VEV_6500,XIRECS,0.0,3,3,VEV_6500,True,4,5235.5,6.0
864100,Mark 01,Mark 22,VEV_5300,XIRECS,26.0,2,3,VEV_5300,True,5,5231.5,3.0
864100,Mark 01,Mark 22,VEV_5400,XIRECS,6.0,2,3,VEV_5400,True,5,5231.5,3.0
864100,Mark 01,Mark 22,VEV_5500,XIRECS,1.0,2,3,VEV_5500,True,5,5231.5,3.0
864100,Mark 01,Mark 22,VEV_6000,XIRECS,0.0,2,3,VEV_6000,True,5,5231.5,3.0
864100,Mark 01,Mark 22,VEV_6500,XIRECS,0.0,2,3,VEV_6500,True,5,5231.5,3.0
868300,Mark 01,Mark 22,VEV_5300,XIRECS,27.0,2,3,VEV_5300,True,5,5235.5,-3.0
868300,Mark 01,Mark 22,VEV_5400,XIRECS,6.0,2,3,VEV_5400,True,5,5235.5,-3.0
868300,Mark 01,Mark 22,VEV_5500,XIRECS,1.0,2,3,VEV_5500,True,5,5235.5,-3.0
868300,Mark 01,Mark 22,VEV_6000,XIRECS,0.0,2,3,VEV_6000,True,5,5235.5,-3.0
868300,Mark 01,Mark 22,VEV_6500,XIRECS,0.0,2,3,VEV_6500,True,5,5235.5,-3.0
877600,Mark 01,Mark 22,VEV_5300,XIRECS,28.0,5,3,VEV_5300,True,7,5237.5,-4.0
877600,Mark 01,Mark 22,VEV_5400,XIRECS,6.0,5,3,VEV_5400,True,7,5237.5,-4.0
877600,Mark 01,Mark 22,VEV_5500,XIRECS,1.0,5,3,VEV_5500,True,7,5237.5,-4.0
877600,Mark 01,Mark 22,VEV_6000,XIRECS,0.0,5,3,VEV_6000,True,7,5237.5,-4.0
877600,Mark 01,Mark 22,VEV_6500,XIRECS,0.0,5,3,VEV_6500,True,7,5237.5,-4.0
878300,Mark 01,Mark 22,VEV_5400,XIRECS,6.0,3,3,VEV_5400,True,5,5237.0,-9.5
878300,Mark 01,Mark 22,VEV_5500,XIRECS,1.0,3,3,VEV_5500,True,5,5237.0,-9.5
878300,Mark 01,Mark 22,VEV_6000,XIRECS,0.0,3,3,VEV_6000,True,5,5237.0,-9.5
878300,Mark 01,Mark 22,VEV_6500,XIRECS,0.0,3,3,VEV_6500,True,5,5237.0,-9.5
890900,Mark 01,Mark 22,VEV_5200,XIRECS,71.0,4,3,VEV_5200,True,6,5234.5,9.0
890900,Mark 01,Mark 22,VEV_5300,XIRECS,27.0,4,3,VEV_5300,True,6,5234.5,9.0
890900,Mark 01,Mark 22,VEV_5400,XIRECS,6.0,4,3,VEV_5400,True,6,5234.5,9.0
890900,Mark 01,Mark 22,VEV_5500,XIRECS,1.0,4,3,VEV_5500,True,6,5234.5,9.0
890900,Mark 01,Mark 22,VEV_6000,XIRECS,0.0,4,3,VEV_6000,True,6,5234.5,9.0
890900,Mark 01,Mark 22,VEV_6500,XIRECS,0.0,4,3,VEV_6500,True,6,5234.5,9.0
894300,Mark 01,Mark 22,VEV_5300,XIRECS,29.0,3,3,VEV_5300,True,5,5240.5,0.0
894300,Mark 01,Mark 22,VEV_5400,XIRECS,6.0,3,3,VEV_5400,True,5,5240.5,0.0
894300,Mark 01,Mark 22,VEV_5500,XIRECS,1.0,3,3,VEV_5500,True,5,5240.5,0.0
894300,Mark 01,Mark 22,VEV_6000,XIRECS,0.0,3,3,VEV_6000,True,5,5240.5,0.0
894300,Mark 01,Mark 22,VEV_6500,XIRECS,0.0,3,3,VEV_6500,True,5,5240.5,0.0
918500,Mark 01,Mark 22,VEV_5300,XIRECS,34.0,5,3,VEV_5300,True,5,5255.5,5.0
918500,Mark 01,Mark 22,VEV_5400,XIRECS,8.0,5,3,VEV_5400,True,5,5255.5,5.0
918500,Mark 01,Mark 22,VEV_5500,XIRECS,2.0,5,3,VEV_5500,True,5,5255.5,5.0
918500,Mark 01,Mark 22,VEV_6000,XIRECS,0.0,5,3,VEV_6000,True,5,5255.5,5.0
918500,Mark 01,Mark 22,VEV_6500,XIRECS,0.0,5,3,VEV_6500,True,5,5255.5,5.0
937000,Mark 01,Mark 22,VEV_5400,XIRECS,8.0,5,3,VEV_5400,True,4,5256.5,2.0
937000,Mark 01,Mark 22,VEV_5500,XIRECS,2.0,5,3,VEV_5500,True,4,5256.5,2.0
937000,Mark 01,Mark 22,VEV_6000,XIRECS,0.0,5,3,VEV_6000,True,4,5256.5,2.0
937000,Mark 01,Mark 22,VEV_6500,XIRECS,0.0,5,3,VEV_6500,True,4,5256.5,2.0
937400,Mark 01,Mark 22,VEV_5400,XIRECS,8.0,5,3,VEV_5400,True,4,5256.5,0.0
937400,Mark 01,Mark 22,VEV_5500,XIRECS,2.0,5,3,VEV_5500,True,4,5256.5,0.0
937400,Mark 01,Mark 22,VEV_6000,XIRECS,0.0,5,3,VEV_6000,True,4,5256.5,0.0
937400,Mark 01,Mark 22,VEV_6500,XIRECS,0.0,5,3,VEV_6500,True,4,5256.5,0.0
943900,Mark 01,Mark 22,VEV_5500,XIRECS,2.0,5,3,VEV_5500,True,6,5267.5,2.0
943900,Mark 01,Mark 22,VEV_6000,XIRECS,0.0,5,3,VEV_6000,True,6,5267.5,2.0
943900,Mark 01,Mark 22,VEV_6500,XIRECS,0.0,5,3,VEV_6500,True,6,5267.5,2.0
977300,Mark 01,Mark 22,VEV_5300,XIRECS,31.0,4,3,VEV_5300,True,5,5248.5,-7.0
977300,Mark 01,Mark 22,VEV_5400,XIRECS,7.0,4,3,VEV_5400,True,5,5248.5,-7.0
977300,Mark 01,Mark 22,VEV_5500,XIRECS,1.0,4,3,VEV_5500,True,5,5248.5,-7.0
977300,Mark 01,Mark 22,VEV_6000,XIRECS,0.0,4,3,VEV_6000,True,5,5248.5,-7.0
977300,Mark 01,Mark 22,VEV_6500,XIRECS,0.0,4,3,VEV_6500,True,5,5248.5,-7.0
983300,Mark 01,Mark 22,VEV_5400,XIRECS,6.0,3,3,VEV_5400,True,5,5243.5,0.0
983300,Mark 01,Mark 22,VEV_5500,XIRECS,1.0,3,3,VEV_5500,True,5,5243.5,0.0
983300,Mark 01,Mark 22,VEV_6000,XIRECS,0.0,3,3,VEV_6000,True,5,5243.5,0.0
983300,Mark 01,Mark 22,VEV_6500,XIRECS,0.0,3,3,VEV_6500,True,5,5243.5,0.0
997100,Mark 01,Mark 22,VEV_5400,XIRECS,5.0,4,3,VEV_5400,True,4,5234.5,0.0
997100,Mark 01,Mark 22,VEV_5500,XIRECS,1.0,4,3,VEV_5500,True,4,5234.5,0.0
997100,Mark 01,Mark 22,VEV_6000,XIRECS,0.0,4,3,VEV_6000,True,4,5234.5,0.0
997100,Mark 01,Mark 22,VEV_6500,XIRECS,0.0,4,3,VEV_6500,True,4,5234.5,0.0
