timestamp,buyer,seller,symbol,currency,price,quantity,day,product,mid,bid1,ask1,book_spread,aggr,spr_b,hour_b,agg_party,agg_role,fwd_5_sym,fwd_5_ex,fwd_20_sym,fwd_20_ex,fwd_100_sym,fwd_100_ex
4500,Mark 01,Mark 22,VEV_5400,XIRECS,18.0,2,1,VEV_5400,18.5,18,19,1,sell_aggr,tight,h0_7,Mark 22,seller,-0.5,-2.5,-0.5,-4.0,-3.5,-20.0
4500,Mark 01,Mark 22,VEV_5500,XIRECS,8.0,2,1,VEV_5500,8.5,8,9,1,sell_aggr,tight,h0_7,Mark 22,seller,0.0,-2.5,-0.5,-4.0,-2.0,-20.0
4500,Mark 01,Mark 22,VEV_6000,XIRECS,0.0,2,1,VEV_6000,0.5,0,1,1,sell_aggr,tight,h0_7,Mark 22,seller,0.0,-2.5,0.0,-4.0,0.0,-20.0
4500,Mark 01,Mark 22,VEV_6500,XIRECS,0.0,2,1,VEV_6500,0.5,0,1,1,sell_aggr,tight,h0_7,Mark 22,seller,0.0,-2.5,0.0,-4.0,0.0,-20.0
5100,Mark 38,Mark 22,HYDROGEL_PACK,XIRECS,9960.0,4,1,HYDROGEL_PACK,9956.0,9952,9960,8,buy_aggr,wide,h0_7,Mark 38,buyer,-4.0,1.0,-7.0,-3.5,1.0,-17.5
5300,Mark 38,Mark 14,VEV_4000,XIRECS,1264.0,2,1,VEV_4000,1253.5,1243,1264,21,buy_aggr,wide,h0_7,Mark 38,buyer,0.0,0.0,-7.0,-7.0,-20.0,-20.0
6100,Mark 55,Mark 01,VELVETFRUIT_EXTRACT,XIRECS,5255.0,3,1,VELVETFRUIT_EXTRACT,5252.5,5250,5255,5,buy_aggr,mid,h0_7,Mark 55,buyer,-2.0,-2.0,-5.0,-5.0,-21.0,-21.0
6200,Mark 38,Mark 14,HYDROGEL_PACK,XIRECS,9955.0,5,1,HYDROGEL_PACK,9947.0,9939,9955,16,buy_aggr,wide,h0_7,Mark 38,buyer,-2.0,-2.5,-2.0,-7.0,9.0,-20.0
9400,Mark 55,Mark 49,VELVETFRUIT_EXTRACT,XIRECS,5244.0,8,1,VELVETFRUIT_EXTRACT,5243.5,5243,5244,1,buy_aggr,tight,h0_7,Mark 55,buyer,1.5,1.5,0.0,0.0,-15.0,-15.0
9600,Mark 01,Mark 22,VEV_5400,XIRECS,16.0,4,1,VEV_5400,17.0,16,18,2,sell_aggr,tight,h0_7,Mark 22,seller,-0.5,-2.5,-1.0,-5.0,-3.5,-17.5
9600,Mark 01,Mark 22,VEV_5500,XIRECS,7.0,4,1,VEV_5500,7.5,7,8,1,sell_aggr,tight,h0_7,Mark 22,seller,0.0,-2.5,0.0,-5.0,-1.0,-17.5
9600,Mark 01,Mark 22,VEV_6000,XIRECS,0.0,4,1,VEV_6000,0.5,0,1,1,sell_aggr,tight,h0_7,Mark 22,seller,0.0,-2.5,0.0,-5.0,0.0,-17.5
9600,Mark 01,Mark 22,VEV_6500,XIRECS,0.0,4,1,VEV_6500,0.5,0,1,1,sell_aggr,tight,h0_7,Mark 22,seller,0.0,-2.5,0.0,-5.0,0.0,-17.5
10400,Mark 67,Mark 49,VELVETFRUIT_EXTRACT,XIRECS,5240.0,12,1,VELVETFRUIT_EXTRACT,5239.5,5239,5240,1,buy_aggr,tight,h0_7,Mark 67,buyer,4.0,4.0,2.0,2.0,-11.0,-11.0
11800,Mark 01,Mark 22,VEV_5500,XIRECS,7.0,4,1,VEV_5500,7.5,7,8,1,sell_aggr,tight,h0_7,Mark 22,seller,0.0,0.0,-1.0,-3.0,-1.0,-12.0
11800,Mark 01,Mark 22,VEV_6000,XIRECS,0.0,4,1,VEV_6000,0.5,0,1,1,sell_aggr,tight,h0_7,Mark 22,seller,0.0,0.0,0.0,-3.0,0.0,-12.0
11800,Mark 01,Mark 22,VEV_6500,XIRECS,0.0,4,1,VEV_6500,0.5,0,1,1,sell_aggr,tight,h0_7,Mark 22,seller,0.0,0.0,0.0,-3.0,0.0,-12.0
14300,Mark 55,Mark 01,VELVETFRUIT_EXTRACT,XIRECS,5238.0,6,1,VELVETFRUIT_EXTRACT,5235.5,5233,5238,5,buy_aggr,mid,h0_7,Mark 55,buyer,-1.0,-1.0,-5.5,-5.5,-1.0,-1.0
14800,Mark 01,Mark 55,VELVETFRUIT_EXTRACT,XIRECS,5232.0,6,1,VELVETFRUIT_EXTRACT,5234.5,5232,5237,5,sell_aggr,mid,h0_7,Mark 55,seller,-1.0,-1.0,-4.0,-4.0,-1.0,-1.0
14800,Mark 01,Mark 22,VEV_5300,XIRECS,42.0,4,1,VEV_5300,43.0,42,44,2,sell_aggr,tight,h0_7,Mark 22,seller,0.0,-1.0,-1.0,-4.0,0.0,-1.0
14800,Mark 01,Mark 22,VEV_5400,XIRECS,14.0,4,1,VEV_5400,15.0,14,16,2,sell_aggr,tight,h0_7,Mark 22,seller,-0.5,-1.0,-0.5,-4.0,-0.5,-1.0
14800,Mark 01,Mark 22,VEV_5500,XIRECS,6.0,4,1,VEV_5500,6.5,6,7,1,sell_aggr,tight,h0_7,Mark 22,seller,0.0,-1.0,0.0,-4.0,0.0,-1.0
14800,Mark 01,Mark 22,VEV_6000,XIRECS,0.0,4,1,VEV_6000,0.5,0,1,1,sell_aggr,tight,h0_7,Mark 22,seller,0.0,-1.0,0.0,-4.0,0.0,-1.0
14800,Mark 01,Mark 22,VEV_6500,XIRECS,0.0,4,1,VEV_6500,0.5,0,1,1,sell_aggr,tight,h0_7,Mark 22,seller,0.0,-1.0,0.0,-4.0,0.0,-1.0
15000,Mark 38,Mark 14,HYDROGEL_PACK,XIRECS,9966.0,4,1,HYDROGEL_PACK,9958.5,9951,9966,15,buy_aggr,wide,h0_7,Mark 38,buyer,-1.5,-2.0,-11.5,-4.0,-6.5,-2.0
16700,Mark 14,Mark 38,VEV_4000,XIRECS,1221.0,2,1,VEV_4000,1226.0,1221,1231,10,sell_aggr,wide,h0_7,Mark 38,seller,6.5,1.0,2.0,-4.5,4.5,-1.0
16700,Mark 01,Mark 22,VEV_5300,XIRECS,41.0,2,1,VEV_5300,42.0,41,43,2,sell_aggr,tight,h0_7,Mark 22,seller,0.0,1.0,-1.0,-4.5,-1.0,-1.0
16700,Mark 01,Mark 22,VEV_5400,XIRECS,14.0,2,1,VEV_5400,14.5,14,15,1,sell_aggr,tight,h0_7,Mark 22,seller,0.0,1.0,-1.0,-4.5,-0.5,-1.0
16700,Mark 01,Mark 22,VEV_5500,XIRECS,6.0,2,1,VEV_5500,6.5,6,7,1,sell_aggr,tight,h0_7,Mark 22,seller,0.0,1.0,-0.5,-4.5,0.0,-1.0
16700,Mark 01,Mark 22,VEV_6000,XIRECS,0.0,2,1,VEV_6000,0.5,0,1,1,sell_aggr,tight,h0_7,Mark 22,seller,0.0,1.0,0.0,-4.5,0.0,-1.0
16700,Mark 01,Mark 22,VEV_6500,XIRECS,0.0,2,1,VEV_6500,0.5,0,1,1,sell_aggr,tight,h0_7,Mark 22,seller,0.0,1.0,0.0,-4.5,0.0,-1.0
17300,Mark 14,Mark 38,VEV_4000,XIRECS,1221.0,1,1,VEV_4000,1231.5,1221,1242,21,sell_aggr,wide,h0_7,Mark 38,seller,2.0,0.5,-3.0,-3.0,4.0,4.0
17400,Mark 67,Mark 22,VELVETFRUIT_EXTRACT,XIRECS,5230.0,8,1,VELVETFRUIT_EXTRACT,5229.0,5228,5230,2,buy_aggr,tight,h0_7,Mark 67,buyer,4.0,4.0,-0.5,-0.5,7.5,7.5
17900,Mark 38,Mark 14,VEV_4000,XIRECS,1243.0,1,1,VEV_4000,1233.0,1223,1243,20,buy_aggr,wide,h0_7,Mark 38,buyer,-3.5,-3.5,-6.5,-6.5,4.5,4.5
19300,Mark 14,Mark 55,VELVETFRUIT_EXTRACT,XIRECS,5226.0,5,1,VELVETFRUIT_EXTRACT,5228.5,5226,5231,5,sell_aggr,mid,h0_7,Mark 55,seller,0.0,0.0,0.0,0.0,11.0,11.0
20200,Mark 14,Mark 55,VELVETFRUIT_EXTRACT,XIRECS,5224.0,5,1,VELVETFRUIT_EXTRACT,5226.5,5224,5229,5,sell_aggr,mid,h0_7,Mark 55,seller,1.0,1.0,1.0,1.0,11.0,11.0
22800,Mark 14,Mark 38,HYDROGEL_PACK,XIRECS,9946.0,6,1,HYDROGEL_PACK,9954.0,9946,9962,16,sell_aggr,wide,h0_7,Mark 38,seller,-3.0,0.0,-1.0,2.0,2.0,5.5
25700,Mark 38,Mark 14,VEV_4000,XIRECS,1241.0,3,1,VEV_4000,1231.0,1221,1241,20,buy_aggr,wide,h0_7,Mark 38,buyer,-0.5,-1.0,7.5,7.0,3.0,3.0
29300,Mark 14,Mark 55,VELVETFRUIT_EXTRACT,XIRECS,5237.0,4,1,VELVETFRUIT_EXTRACT,5239.5,5237,5242,5,sell_aggr,mid,h0_7,Mark 55,seller,2.0,2.0,-7.5,-7.5,-5.0,-5.0
30800,Mark 14,Mark 38,HYDROGEL_PACK,XIRECS,9940.0,2,1,HYDROGEL_PACK,9948.0,9940,9956,16,sell_aggr,wide,h0_7,Mark 38,seller,-1.0,-2.5,8.0,2.5,-3.0,-3.0
31400,Mark 38,Mark 14,HYDROGEL_PACK,XIRECS,9953.0,3,1,HYDROGEL_PACK,9945.0,9937,9953,16,buy_aggr,wide,h0_7,Mark 38,buyer,0.5,5.0,10.0,7.0,-1.0,-4.0
31700,Mark 55,Mark 01,VELVETFRUIT_EXTRACT,XIRECS,5237.0,4,1,VELVETFRUIT_EXTRACT,5234.5,5232,5237,5,buy_aggr,mid,h0_7,Mark 55,buyer,1.5,1.5,1.0,1.0,-6.5,-6.5
32000,Mark 14,Mark 38,HYDROGEL_PACK,XIRECS,9938.0,5,1,HYDROGEL_PACK,9946.0,9938,9954,16,sell_aggr,wide,h0_7,Mark 38,seller,6.0,2.0,5.0,-1.0,5.0,-7.0
32600,Mark 55,Mark 01,VELVETFRUIT_EXTRACT,XIRECS,5240.0,5,1,VELVETFRUIT_EXTRACT,5237.5,5235,5240,5,buy_aggr,mid,h0_7,Mark 55,buyer,2.5,2.5,-2.5,-2.5,-7.0,-7.0
32800,Mark 67,Mark 22,VELVETFRUIT_EXTRACT,XIRECS,5238.0,7,1,VELVETFRUIT_EXTRACT,5237.0,5236,5238,2,buy_aggr,tight,h0_7,Mark 67,buyer,2.5,2.5,-1.5,-1.5,-5.5,-5.5
33600,Mark 14,Mark 38,HYDROGEL_PACK,XIRECS,9948.0,6,1,HYDROGEL_PACK,9956.0,9948,9964,16,sell_aggr,wide,h0_7,Mark 38,seller,-6.0,-4.5,-2.0,-3.0,6.5,-5.0
36200,Mark 38,Mark 14,VEV_4000,XIRECS,1244.0,3,1,VEV_4000,1233.5,1223,1244,21,buy_aggr,wide,h0_7,Mark 38,buyer,-0.5,-0.5,-1.5,-0.5,15.0,15.0
36500,Mark 22,Mark 55,VELVETFRUIT_EXTRACT,XIRECS,5232.0,7,1,VELVETFRUIT_EXTRACT,5233.5,5232,5235,3,sell_aggr,mid,h0_7,Mark 55,seller,-3.0,-3.0,-2.0,-2.0,13.0,13.0
37400,Mark 14,Mark 38,HYDROGEL_PACK,XIRECS,9936.0,4,1,HYDROGEL_PACK,9944.0,9936,9952,16,sell_aggr,wide,h0_7,Mark 38,seller,7.0,-1.5,-1.0,0.0,25.0,13.5
38500,Mark 01,Mark 22,VEV_5500,XIRECS,6.0,5,1,VEV_5500,6.5,6,7,1,sell_aggr,tight,h0_7,Mark 22,seller,0.0,2.0,0.0,2.0,1.0,13.0
38500,Mark 01,Mark 22,VEV_6000,XIRECS,0.0,5,1,VEV_6000,0.5,0,1,1,sell_aggr,tight,h0_7,Mark 22,seller,0.0,2.0,0.0,2.0,0.0,13.0
38500,Mark 01,Mark 22,VEV_6500,XIRECS,0.0,5,1,VEV_6500,0.5,0,1,1,sell_aggr,tight,h0_7,Mark 22,seller,0.0,2.0,0.0,2.0,0.0,13.0
38700,Mark 01,Mark 55,VELVETFRUIT_EXTRACT,XIRECS,5228.0,8,1,VELVETFRUIT_EXTRACT,5231.0,5228,5234,6,sell_aggr,mid,h0_7,Mark 55,seller,3.5,3.5,1.0,1.0,14.5,14.5
39400,Mark 22,Mark 49,VELVETFRUIT_EXTRACT,XIRECS,5234.0,5,1,VELVETFRUIT_EXTRACT,5232.5,5232,5233,1,buy_aggr,tight,h0_7,Mark 22,buyer,2.0,2.0,-5.0,-5.0,11.0,11.0
39400,Mark 67,Mark 49,VELVETFRUIT_EXTRACT,XIRECS,5233.0,9,1,VELVETFRUIT_EXTRACT,5232.5,5232,5233,1,buy_aggr,tight,h0_7,Mark 67,buyer,2.0,2.0,-5.0,-5.0,11.0,11.0
39800,Mark 01,Mark 55,VELVETFRUIT_EXTRACT,XIRECS,5232.0,4,1,VELVETFRUIT_EXTRACT,5235.0,5232,5238,6,sell_aggr,mid,h0_7,Mark 55,seller,-2.0,-2.0,-5.5,-5.5,11.5,11.5
40400,Mark 01,Mark 22,VEV_5300,XIRECS,41.0,4,1,VEV_5300,42.0,41,43,2,sell_aggr,tight,h0_7,Mark 22,seller,0.0,0.0,-1.0,-2.0,5.0,13.0
40400,Mark 01,Mark 22,VEV_5400,XIRECS,14.0,4,1,VEV_5400,14.5,14,15,1,sell_aggr,tight,h0_7,Mark 22,seller,-0.5,0.0,-0.5,-2.0,2.0,13.0
40400,Mark 01,Mark 22,VEV_5500,XIRECS,6.0,4,1,VEV_5500,6.5,6,7,1,sell_aggr,tight,h0_7,Mark 22,seller,0.0,0.0,0.0,-2.0,1.0,13.0
40400,Mark 01,Mark 22,VEV_6000,XIRECS,0.0,4,1,VEV_6000,0.5,0,1,1,sell_aggr,tight,h0_7,Mark 22,seller,0.0,0.0,0.0,-2.0,0.0,13.0
40400,Mark 01,Mark 22,VEV_6500,XIRECS,0.0,4,1,VEV_6500,0.5,0,1,1,sell_aggr,tight,h0_7,Mark 22,seller,0.0,0.0,0.0,-2.0,0.0,13.0
40900,Mark 38,Mark 14,HYDROGEL_PACK,XIRECS,9951.0,5,1,HYDROGEL_PACK,9943.0,9935,9951,16,buy_aggr,wide,h0_7,Mark 38,buyer,1.0,-6.0,10.0,-2.0,36.0,9.5
41300,Mark 38,Mark 14,HYDROGEL_PACK,XIRECS,9953.0,5,1,HYDROGEL_PACK,9945.0,9937,9953,16,buy_aggr,wide,h0_7,Mark 38,buyer,1.0,2.0,14.0,3.5,31.0,18.0
43400,Mark 01,Mark 22,VEV_5400,XIRECS,13.0,5,1,VEV_5400,14.0,13,15,2,sell_aggr,tight,h0_7,Mark 22,seller,0.5,3.0,2.0,8.5,1.5,11.0
43400,Mark 01,Mark 22,VEV_5500,XIRECS,6.0,5,1,VEV_5500,6.5,6,7,1,sell_aggr,tight,h0_7,Mark 22,seller,0.0,3.0,0.5,8.5,1.0,11.0
43400,Mark 01,Mark 22,VEV_6000,XIRECS,0.0,5,1,VEV_6000,0.5,0,1,1,sell_aggr,tight,h0_7,Mark 22,seller,0.0,3.0,0.0,8.5,0.0,11.0
43400,Mark 01,Mark 22,VEV_6500,XIRECS,0.0,5,1,VEV_6500,0.5,0,1,1,sell_aggr,tight,h0_7,Mark 22,seller,0.0,3.0,0.0,8.5,0.0,11.0
43600,Mark 01,Mark 55,VELVETFRUIT_EXTRACT,XIRECS,5229.0,4,1,VELVETFRUIT_EXTRACT,5231.5,5229,5234,5,sell_aggr,mid,h0_7,Mark 55,seller,4.5,4.5,10.5,10.5,12.0,12.0
43900,Mark 14,Mark 38,HYDROGEL_PACK,XIRECS,9952.0,6,1,HYDROGEL_PACK,9960.0,9952,9968,16,sell_aggr,wide,h0_7,Mark 38,seller,7.0,5.0,9.0,13.0,6.0,10.0
45200,Mark 14,Mark 38,HYDROGEL_PACK,XIRECS,9961.0,2,1,HYDROGEL_PACK,9969.0,9961,9977,16,sell_aggr,wide,h0_7,Mark 38,seller,3.0,3.0,4.0,4.0,-23.0,4.0
45400,Mark 67,Mark 22,VELVETFRUIT_EXTRACT,XIRECS,5241.0,8,1,VELVETFRUIT_EXTRACT,5240.0,5239,5241,2,buy_aggr,tight,h0_7,Mark 67,buyer,7.5,7.5,6.0,6.0,7.5,7.5
47700,Mark 01,Mark 55,VELVETFRUIT_EXTRACT,XIRECS,5243.0,4,1,VELVETFRUIT_EXTRACT,5244.0,5243,5245,2,sell_aggr,tight,h0_7,Mark 55,seller,0.5,0.5,1.5,1.5,3.5,3.5
48300,Mark 14,Mark 38,HYDROGEL_PACK,XIRECS,9960.0,3,1,HYDROGEL_PACK,9967.5,9960,9975,15,sell_aggr,wide,h0_7,Mark 38,seller,-1.5,0.0,12.5,0.5,-13.5,0.0
48900,Mark 01,Mark 55,VELVETFRUIT_EXTRACT,XIRECS,5241.0,6,1,VELVETFRUIT_EXTRACT,5243.5,5241,5246,5,sell_aggr,mid,h0_7,Mark 55,seller,0.0,0.0,-0.5,-0.5,2.0,2.0
49800,Mark 01,Mark 55,VELVETFRUIT_EXTRACT,XIRECS,5244.0,3,1,VELVETFRUIT_EXTRACT,5246.5,5244,5249,5,sell_aggr,mid,h0_7,Mark 55,seller,-0.5,-0.5,1.0,1.0,0.5,0.5
50200,Mark 14,Mark 38,VEV_4000,XIRECS,1236.0,2,1,VEV_4000,1246.5,1236,1257,21,sell_aggr,wide,h0_7,Mark 38,seller,-7.5,-2.5,0.0,0.0,1.0,1.0
50300,Mark 38,Mark 14,VEV_4000,XIRECS,1257.0,3,1,VEV_4000,1246.5,1236,1257,21,buy_aggr,wide,h0_7,Mark 38,buyer,-3.0,-1.0,1.0,1.5,1.0,1.5
50700,Mark 01,Mark 22,VEV_5400,XIRECS,16.0,5,1,VEV_5400,16.5,16,17,1,sell_aggr,tight,h0_7,Mark 22,seller,0.0,1.5,0.5,2.0,0.0,2.5
50700,Mark 01,Mark 22,VEV_5500,XIRECS,7.0,5,1,VEV_5500,7.5,7,8,1,sell_aggr,tight,h0_7,Mark 22,seller,0.0,1.5,0.0,2.0,0.0,2.5
50700,Mark 01,Mark 22,VEV_6000,XIRECS,0.0,5,1,VEV_6000,0.5,0,1,1,sell_aggr,tight,h0_7,Mark 22,seller,0.0,1.5,0.0,2.0,0.0,2.5
50700,Mark 01,Mark 22,VEV_6500,XIRECS,0.0,5,1,VEV_6500,0.5,0,1,1,sell_aggr,tight,h0_7,Mark 22,seller,0.0,1.5,0.0,2.0,0.0,2.5
51700,Mark 14,Mark 55,VELVETFRUIT_EXTRACT,XIRECS,5243.0,4,1,VELVETFRUIT_EXTRACT,5245.5,5243,5248,5,sell_aggr,mid,h0_7,Mark 55,seller,1.0,1.0,0.0,0.0,0.0,0.0
52400,Mark 14,Mark 38,HYDROGEL_PACK,XIRECS,9961.0,5,1,HYDROGEL_PACK,9969.0,9961,9977,16,sell_aggr,wide,h0_7,Mark 38,seller,0.0,0.0,-15.0,-1.0,-29.0,-3.0
52800,Mark 01,Mark 22,VEV_5400,XIRECS,16.0,3,1,VEV_5400,16.5,16,17,1,sell_aggr,tight,h0_7,Mark 22,seller,0.0,-2.0,0.0,-3.0,-0.5,-3.5
52800,Mark 01,Mark 22,VEV_5500,XIRECS,7.0,3,1,VEV_5500,7.5,7,8,1,sell_aggr,tight,h0_7,Mark 22,seller,0.0,-2.0,0.0,-3.0,0.0,-3.5
52800,Mark 01,Mark 22,VEV_6000,XIRECS,0.0,3,1,VEV_6000,0.5,0,1,1,sell_aggr,tight,h0_7,Mark 22,seller,0.0,-2.0,0.0,-3.0,0.0,-3.5
52800,Mark 01,Mark 22,VEV_6500,XIRECS,0.0,3,1,VEV_6500,0.5,0,1,1,sell_aggr,tight,h0_7,Mark 22,seller,0.0,-2.0,0.0,-3.0,0.0,-3.5
53000,Mark 14,Mark 38,HYDROGEL_PACK,XIRECS,9961.0,4,1,HYDROGEL_PACK,9969.0,9961,9977,16,sell_aggr,wide,h0_7,Mark 38,seller,-1.0,0.0,-21.5,0.0,-26.5,-3.0
53400,Mark 14,Mark 22,VEV_5500,XIRECS,7.0,2,1,VEV_5500,7.5,7,8,1,sell_aggr,tight,h0_7,Mark 22,seller,0.0,2.0,0.0,5.0,0.0,1.0
53400,Mark 01,Mark 22,VEV_6000,XIRECS,0.0,2,1,VEV_6000,0.5,0,1,1,sell_aggr,tight,h0_7,Mark 22,seller,0.0,2.0,0.0,5.0,0.0,1.0
53400,Mark 01,Mark 22,VEV_6500,XIRECS,0.0,2,1,VEV_6500,0.5,0,1,1,sell_aggr,tight,h0_7,Mark 22,seller,0.0,2.0,0.0,5.0,0.0,1.0
53800,Mark 38,Mark 14,VEV_4000,XIRECS,1255.0,2,1,VEV_4000,1244.5,1234,1255,21,buy_aggr,wide,h0_7,Mark 38,buyer,-1.0,1.0,1.0,3.0,-2.0,0.0
54400,Mark 14,Mark 38,VEV_4000,XIRECS,1234.0,3,1,VEV_4000,1244.5,1234,1255,21,sell_aggr,wide,h0_7,Mark 38,seller,-1.0,-1.0,1.0,1.0,0.0,0.0
57600,Mark 38,Mark 14,VEV_4000,XIRECS,1257.0,3,1,VEV_4000,1246.5,1236,1257,21,buy_aggr,wide,h0_7,Mark 38,buyer,2.0,2.0,0.0,0.0,0.0,0.0
59300,Mark 14,Mark 38,HYDROGEL_PACK,XIRECS,9949.0,4,1,HYDROGEL_PACK,9957.0,9949,9965,16,sell_aggr,wide,h0_7,Mark 38,seller,-2.0,-0.5,-5.0,-2.0,0.5,-2.0
59600,Mark 14,Mark 55,VELVETFRUIT_EXTRACT,XIRECS,5244.0,4,1,VELVETFRUIT_EXTRACT,5246.5,5244,5249,5,sell_aggr,mid,h0_7,Mark 55,seller,0.0,0.0,-1.0,-1.0,-2.0,-2.0
60300,Mark 14,Mark 55,VELVETFRUIT_EXTRACT,XIRECS,5245.0,5,1,VELVETFRUIT_EXTRACT,5247.5,5245,5250,5,sell_aggr,mid,h0_7,Mark 55,seller,-1.0,-1.0,-4.0,-4.0,-5.0,-5.0
61100,Mark 38,Mark 14,HYDROGEL_PACK,XIRECS,9961.0,2,1,HYDROGEL_PACK,9953.0,9945,9961,16,buy_aggr,wide,h0_7,Mark 38,buyer,0.0,0.0,-11.0,-3.5,10.0,-4.0
61400,Mark 38,Mark 14,HYDROGEL_PACK,XIRECS,9962.0,2,1,HYDROGEL_PACK,9954.0,9946,9962,16,buy_aggr,wide,h0_7,Mark 38,buyer,-6.0,-2.5,-17.0,-3.0,7.0,-6.0
62100,Mark 14,Mark 55,VELVETFRUIT_EXTRACT,XIRECS,5243.0,6,1,VELVETFRUIT_EXTRACT,5245.5,5243,5248,5,sell_aggr,mid,h0_7,Mark 55,seller,-2.0,-2.0,-4.0,-4.0,-2.0,-2.0
62600,Mark 38,Mark 14,VEV_4000,XIRECS,1254.0,1,1,VEV_4000,1243.5,1233,1254,21,buy_aggr,wide,h0_7,Mark 38,buyer,-1.5,-1.5,-1.0,-1.0,-5.0,-5.0
63100,Mark 38,Mark 14,VEV_4000,XIRECS,1252.0,3,1,VEV_4000,1242.0,1232,1252,20,buy_aggr,wide,h0_7,Mark 38,buyer,3.5,3.5,2.5,2.5,-3.5,-3.5
63200,Mark 38,Mark 14,HYDROGEL_PACK,XIRECS,9950.0,5,1,HYDROGEL_PACK,9942.0,9934,9950,16,buy_aggr,wide,h0_7,Mark 38,buyer,-5.0,1.0,-5.0,2.0,29.0,-5.0
63200,Mark 14,Mark 55,VELVETFRUIT_EXTRACT,XIRECS,5240.0,8,1,VELVETFRUIT_EXTRACT,5242.5,5240,5245,5,sell_aggr,mid,h0_7,Mark 55,seller,1.0,1.0,2.0,2.0,-5.0,-5.0
64200,Mark 55,Mark 14,VELVETFRUIT_EXTRACT,XIRECS,5245.0,6,1,VELVETFRUIT_EXTRACT,5242.5,5240,5245,5,buy_aggr,mid,h0_7,Mark 55,buyer,1.0,1.0,-0.5,-0.5,-5.5,-5.5
64300,Mark 14,Mark 38,HYDROGEL_PACK,XIRECS,9933.0,4,1,HYDROGEL_PACK,9941.0,9933,9949,16,sell_aggr,wide,h0_7,Mark 38,seller,-4.0,0.0,10.0,-1.0,42.0,-7.0
65400,Mark 14,Mark 38,HYDROGEL_PACK,XIRECS,9930.0,4,1,HYDROGEL_PACK,9938.0,9930,9946,16,sell_aggr,wide,h0_7,Mark 38,seller,4.5,-1.0,18.0,5.0,45.0,-4.0
65700,Mark 14,Mark 55,VELVETFRUIT_EXTRACT,XIRECS,5240.0,8,1,VELVETFRUIT_EXTRACT,5242.5,5240,5245,5,sell_aggr,mid,h0_7,Mark 55,seller,-0.5,-0.5,6.0,6.0,-5.0,-5.0
65900,Mark 14,Mark 38,HYDROGEL_PACK,XIRECS,9935.0,2,1,HYDROGEL_PACK,9942.5,9935,9950,15,sell_aggr,wide,h0_7,Mark 38,seller,6.0,-0.5,15.5,5.0,40.5,-4.5
67700,Mark 55,Mark 14,VELVETFRUIT_EXTRACT,XIRECS,5250.0,4,1,VELVETFRUIT_EXTRACT,5248.5,5247,5250,3,buy_aggr,mid,h0_7,Mark 55,buyer,-2.0,-2.0,-4.0,-4.0,-11.0,-11.0
68000,Mark 38,Mark 14,VEV_4000,XIRECS,1258.0,2,1,VEV_4000,1247.5,1237,1258,21,buy_aggr,wide,h0_7,Mark 38,buyer,-1.0,-1.0,-4.0,-4.0,-9.0,-9.0
69500,Mark 14,Mark 38,HYDROGEL_PACK,XIRECS,9952.0,2,1,HYDROGEL_PACK,9959.5,9952,9967,15,sell_aggr,wide,h0_7,Mark 38,seller,-2.5,0.0,5.5,-3.0,23.5,-3.5
70500,Mark 14,Mark 38,VEV_4000,XIRECS,1232.0,1,1,VEV_4000,1242.0,1232,1252,20,sell_aggr,wide,h0_7,Mark 38,seller,-0.5,-0.5,-3.0,-3.0,-4.5,-4.5
73400,Mark 22,Mark 49,VELVETFRUIT_EXTRACT,XIRECS,5237.0,8,1,VELVETFRUIT_EXTRACT,5235.5,5235,5236,1,buy_aggr,tight,h0_7,Mark 22,buyer,0.0,0.0,4.0,4.0,0.0,0.0
73400,Mark 55,Mark 49,VELVETFRUIT_EXTRACT,XIRECS,5236.0,6,1,VELVETFRUIT_EXTRACT,5235.5,5235,5236,1,buy_aggr,tight,h0_7,Mark 55,buyer,0.0,0.0,4.0,4.0,0.0,0.0
73500,Mark 14,Mark 38,HYDROGEL_PACK,XIRECS,9966.0,3,1,HYDROGEL_PACK,9974.0,9966,9982,16,sell_aggr,wide,h0_7,Mark 38,seller,6.0,0.0,6.0,1.5,1.0,-1.0
74100,Mark 01,Mark 22,VEV_5300,XIRECS,42.0,3,1,VEV_5300,43.0,42,44,2,sell_aggr,tight,h0_7,Mark 22,seller,1.0,4.0,1.0,3.0,-2.0,-4.0
74100,Mark 01,Mark 22,VEV_5400,XIRECS,14.0,3,1,VEV_5400,14.5,14,15,1,sell_aggr,tight,h0_7,Mark 22,seller,1.0,4.0,1.0,3.0,-0.5,-4.0
74100,Mark 01,Mark 22,VEV_5500,XIRECS,6.0,3,1,VEV_5500,6.5,6,7,1,sell_aggr,tight,h0_7,Mark 22,seller,0.0,4.0,0.0,3.0,0.0,-4.0
74100,Mark 01,Mark 22,VEV_6000,XIRECS,0.0,3,1,VEV_6000,0.5,0,1,1,sell_aggr,tight,h0_7,Mark 22,seller,0.0,4.0,0.0,3.0,0.0,-4.0
74100,Mark 01,Mark 22,VEV_6500,XIRECS,0.0,3,1,VEV_6500,0.5,0,1,1,sell_aggr,tight,h0_7,Mark 22,seller,0.0,4.0,0.0,3.0,0.0,-4.0
74300,Mark 55,Mark 14,VELVETFRUIT_EXTRACT,XIRECS,5238.0,6,1,VELVETFRUIT_EXTRACT,5235.5,5233,5238,5,buy_aggr,mid,h0_7,Mark 55,buyer,4.5,4.5,4.0,4.0,-3.0,-3.0
74400,Mark 14,Mark 55,VELVETFRUIT_EXTRACT,XIRECS,5235.0,4,1,VELVETFRUIT_EXTRACT,5237.5,5235,5240,5,sell_aggr,mid,h0_7,Mark 55,seller,2.0,2.0,0.0,0.0,-5.0,-5.0
76600,Mark 38,Mark 14,HYDROGEL_PACK,XIRECS,9995.0,3,1,HYDROGEL_PACK,9987.0,9979,9995,16,buy_aggr,wide,h0_7,Mark 38,buyer,4.0,0.0,3.0,1.0,-23.0,-1.0
77300,Mark 55,Mark 14,VELVETFRUIT_EXTRACT,XIRECS,5241.0,8,1,VELVETFRUIT_EXTRACT,5238.5,5236,5241,5,buy_aggr,mid,h0_7,Mark 55,buyer,-2.0,-2.0,1.0,1.0,1.0,1.0
78300,Mark 14,Mark 38,VEV_4000,XIRECS,1229.0,3,1,VEV_4000,1239.5,1229,1250,21,sell_aggr,wide,h0_7,Mark 38,seller,0.0,0.0,-2.0,-2.0,1.0,1.0
78400,Mark 67,Mark 22,VELVETFRUIT_EXTRACT,XIRECS,5238.0,7,1,VELVETFRUIT_EXTRACT,5237.0,5236,5238,2,buy_aggr,tight,h0_7,Mark 67,buyer,0.5,0.5,0.5,0.5,5.5,5.5
78500,Mark 38,Mark 14,HYDROGEL_PACK,XIRECS,10000.0,4,1,HYDROGEL_PACK,9992.0,9984,10000,16,buy_aggr,wide,h0_7,Mark 38,buyer,-2.5,-2.0,-11.0,-3.5,-32.0,0.0
79000,Mark 14,Mark 38,HYDROGEL_PACK,XIRECS,9982.0,3,1,HYDROGEL_PACK,9989.5,9982,9997,15,sell_aggr,wide,h0_7,Mark 38,seller,-6.5,1.0,-7.5,-2.5,-22.5,4.0
79800,Mark 38,Mark 14,HYDROGEL_PACK,XIRECS,9994.0,6,1,HYDROGEL_PACK,9986.0,9978,9994,16,buy_aggr,wide,h0_7,Mark 38,buyer,-6.0,-2.0,-16.0,-2.0,-21.0,4.0
81300,Mark 14,Mark 38,HYDROGEL_PACK,XIRECS,9970.0,6,1,HYDROGEL_PACK,9978.0,9970,9986,16,sell_aggr,wide,h8_15,Mark 38,seller,-8.0,0.0,-3.0,-3.5,-20.0,4.0
81700,Mark 38,Mark 14,HYDROGEL_PACK,XIRECS,9980.0,3,1,HYDROGEL_PACK,9972.0,9964,9980,16,buy_aggr,wide,h8_15,Mark 38,buyer,-3.0,0.5,1.0,-2.0,-14.0,3.5
81900,Mark 38,Mark 14,HYDROGEL_PACK,XIRECS,9978.0,2,1,HYDROGEL_PACK,9970.0,9962,9978,16,buy_aggr,wide,h8_15,Mark 38,buyer,1.0,0.5,2.0,-3.5,-11.0,2.5
82300,Mark 38,Mark 14,HYDROGEL_PACK,XIRECS,9977.0,3,1,HYDROGEL_PACK,9969.0,9961,9977,16,buy_aggr,wide,h8_15,Mark 38,buyer,2.0,-2.0,4.0,-5.0,-5.0,5.0
82300,Mark 01,Mark 55,VELVETFRUIT_EXTRACT,XIRECS,5235.0,3,1,VELVETFRUIT_EXTRACT,5237.5,5235,5240,5,sell_aggr,mid,h8_15,Mark 55,seller,-2.0,-2.0,-5.0,-5.0,5.0,5.0
83200,Mark 55,Mark 01,VELVETFRUIT_EXTRACT,XIRECS,5237.0,7,1,VELVETFRUIT_EXTRACT,5234.0,5231,5237,6,buy_aggr,mid,h8_15,Mark 55,buyer,1.0,1.0,0.5,0.5,10.5,10.5
84300,Mark 38,Mark 14,VEV_4000,XIRECS,1243.0,1,1,VEV_4000,1232.5,1222,1243,21,buy_aggr,wide,h8_15,Mark 38,buyer,2.0,2.0,5.0,5.0,11.0,11.0
84600,Mark 67,Mark 22,VELVETFRUIT_EXTRACT,XIRECS,5233.0,8,1,VELVETFRUIT_EXTRACT,5232.0,5231,5233,2,buy_aggr,tight,h8_15,Mark 67,buyer,4.5,4.5,4.5,4.5,12.5,12.5
85300,Mark 14,Mark 22,VEV_5300,XIRECS,42.0,2,1,VEV_5300,43.0,42,44,2,sell_aggr,tight,h8_15,Mark 22,seller,0.0,0.5,1.0,4.5,3.0,8.5
85300,Mark 01,Mark 22,VEV_5400,XIRECS,14.0,2,1,VEV_5400,14.5,14,15,1,sell_aggr,tight,h8_15,Mark 22,seller,0.0,0.5,1.0,4.5,1.5,8.5
85300,Mark 01,Mark 22,VEV_5500,XIRECS,6.0,2,1,VEV_5500,6.5,6,7,1,sell_aggr,tight,h8_15,Mark 22,seller,0.0,0.5,0.0,4.5,0.5,8.5
85300,Mark 01,Mark 22,VEV_6000,XIRECS,0.0,2,1,VEV_6000,0.5,0,1,1,sell_aggr,tight,h8_15,Mark 22,seller,0.0,0.5,0.0,4.5,0.0,8.5
85300,Mark 01,Mark 22,VEV_6500,XIRECS,0.0,2,1,VEV_6500,0.5,0,1,1,sell_aggr,tight,h8_15,Mark 22,seller,0.0,0.5,0.0,4.5,0.0,8.5
86100,Mark 01,Mark 22,VEV_5400,XIRECS,14.0,5,1,VEV_5400,15.0,14,16,2,sell_aggr,tight,h8_15,Mark 22,seller,-0.5,-0.5,0.5,3.5,0.5,4.5
86100,Mark 01,Mark 22,VEV_5500,XIRECS,6.0,5,1,VEV_5500,6.5,6,7,1,sell_aggr,tight,h8_15,Mark 22,seller,0.0,-0.5,0.0,3.5,0.0,4.5
86100,Mark 01,Mark 22,VEV_6000,XIRECS,0.0,5,1,VEV_6000,0.5,0,1,1,sell_aggr,tight,h8_15,Mark 22,seller,0.0,-0.5,0.0,3.5,0.0,4.5
86100,Mark 01,Mark 22,VEV_6500,XIRECS,0.0,5,1,VEV_6500,0.5,0,1,1,sell_aggr,tight,h8_15,Mark 22,seller,0.0,-0.5,0.0,3.5,0.0,4.5
87900,Mark 14,Mark 55,VELVETFRUIT_EXTRACT,XIRECS,5239.0,3,1,VELVETFRUIT_EXTRACT,5241.5,5239,5244,5,sell_aggr,mid,h8_15,Mark 55,seller,1.0,1.0,1.5,1.5,1.0,1.0
88500,Mark 67,Mark 22,VELVETFRUIT_EXTRACT,XIRECS,5242.0,6,1,VELVETFRUIT_EXTRACT,5241.0,5240,5242,2,buy_aggr,tight,h8_15,Mark 67,buyer,2.0,2.0,3.5,3.5,4.5,4.5
89300,Mark 14,Mark 38,VEV_4000,XIRECS,1232.0,3,1,VEV_4000,1242.5,1232,1253,21,sell_aggr,wide,h8_15,Mark 38,seller,-4.5,1.0,-1.0,-1.0,3.0,1.5
89800,Mark 01,Mark 22,VEV_5300,XIRECS,45.0,4,1,VEV_5300,46.0,45,47,2,sell_aggr,tight,h8_15,Mark 22,seller,0.0,0.0,-1.0,-2.0,1.0,4.0
89800,Mark 01,Mark 22,VEV_5400,XIRECS,15.0,4,1,VEV_5400,16.0,15,17,2,sell_aggr,tight,h8_15,Mark 22,seller,0.0,0.0,-0.5,-2.0,1.0,4.0
89800,Mark 01,Mark 22,VEV_6000,XIRECS,0.0,4,1,VEV_6000,0.5,0,1,1,sell_aggr,tight,h8_15,Mark 22,seller,0.0,0.0,0.0,-2.0,0.0,4.0
89800,Mark 01,Mark 22,VEV_6500,XIRECS,0.0,4,1,VEV_6500,0.5,0,1,1,sell_aggr,tight,h8_15,Mark 22,seller,0.0,0.0,0.0,-2.0,0.0,4.0
91100,Mark 55,Mark 14,VELVETFRUIT_EXTRACT,XIRECS,5244.0,6,1,VELVETFRUIT_EXTRACT,5241.5,5239,5244,5,buy_aggr,mid,h8_15,Mark 55,buyer,0.0,0.0,2.5,2.5,7.0,7.0
92000,Mark 55,Mark 14,VELVETFRUIT_EXTRACT,XIRECS,5243.0,8,1,VELVETFRUIT_EXTRACT,5240.5,5238,5243,5,buy_aggr,mid,h8_15,Mark 55,buyer,3.0,3.0,5.0,5.0,3.5,3.5
92100,Mark 14,Mark 38,HYDROGEL_PACK,XIRECS,9955.0,4,1,HYDROGEL_PACK,9963.0,9955,9971,16,sell_aggr,wide,h8_15,Mark 38,seller,3.0,3.0,7.0,6.0,-11.0,4.0
92500,Mark 14,Mark 38,HYDROGEL_PACK,XIRECS,9956.0,2,1,HYDROGEL_PACK,9964.0,9956,9972,16,sell_aggr,wide,h8_15,Mark 38,seller,-1.0,0.5,0.0,0.0,-14.5,2.0
93700,Mark 55,Mark 01,VELVETFRUIT_EXTRACT,XIRECS,5246.0,6,1,VELVETFRUIT_EXTRACT,5243.5,5241,5246,5,buy_aggr,mid,h8_15,Mark 55,buyer,2.0,2.0,-2.0,-2.0,3.0,3.0
93800,Mark 55,Mark 01,VELVETFRUIT_EXTRACT,XIRECS,5246.0,7,1,VELVETFRUIT_EXTRACT,5243.5,5241,5246,5,buy_aggr,mid,h8_15,Mark 55,buyer,0.0,0.0,-2.0,-2.0,4.0,4.0
94400,Mark 38,Mark 14,HYDROGEL_PACK,XIRECS,9974.0,4,1,HYDROGEL_PACK,9966.0,9958,9974,16,buy_aggr,wide,h8_15,Mark 38,buyer,0.0,-0.5,-2.0,0.0,-12.0,6.0
97100,Mark 14,Mark 38,HYDROGEL_PACK,XIRECS,9950.0,2,1,HYDROGEL_PACK,9958.0,9950,9966,16,sell_aggr,wide,h8_15,Mark 38,seller,1.0,2.0,-6.0,3.0,2.0,17.5
98600,Mark 38,Mark 14,HYDROGEL_PACK,XIRECS,9962.0,2,1,HYDROGEL_PACK,9954.0,9946,9962,16,buy_aggr,wide,h8_15,Mark 38,buyer,-2.0,-1.0,-1.5,-0.5,10.0,18.0
99000,Mark 38,Mark 14,HYDROGEL_PACK,XIRECS,9961.0,3,1,HYDROGEL_PACK,9953.0,9945,9961,16,buy_aggr,wide,h8_15,Mark 38,buyer,-1.5,0.5,-9.0,2.0,11.0,18.5
100500,Mark 55,Mark 14,VELVETFRUIT_EXTRACT,XIRECS,5248.0,4,1,VELVETFRUIT_EXTRACT,5245.5,5243,5248,5,buy_aggr,mid,h8_15,Mark 55,buyer,2.5,2.5,0.0,0.0,22.0,22.0
101400,Mark 14,Mark 38,HYDROGEL_PACK,XIRECS,9936.0,5,1,HYDROGEL_PACK,9944.0,9936,9952,16,sell_aggr,wide,h8_15,Mark 38,seller,7.0,-5.5,4.0,-5.0,13.0,16.0
101500,Mark 14,Mark 38,HYDROGEL_PACK,XIRECS,9935.0,6,1,HYDROGEL_PACK,9943.0,9935,9951,16,sell_aggr,wide,h8_15,Mark 38,seller,8.0,-5.5,5.0,-3.0,14.0,15.0
102500,Mark 14,Mark 38,VEV_4000,XIRECS,1235.0,1,1,VEV_4000,1245.5,1235,1256,21,sell_aggr,wide,h8_15,Mark 38,seller,2.0,2.0,4.0,4.0,17.5,19.0
102800,Mark 14,Mark 38,VEV_4000,XIRECS,1236.0,1,1,VEV_4000,1246.5,1236,1257,21,sell_aggr,wide,h8_15,Mark 38,seller,0.0,-0.5,3.0,2.5,15.0,14.0
103100,Mark 38,Mark 14,HYDROGEL_PACK,XIRECS,9952.0,4,1,HYDROGEL_PACK,9944.0,9936,9952,16,buy_aggr,wide,h8_15,Mark 38,buyer,7.0,0.0,6.0,8.0,6.0,15.0
103500,Mark 14,Mark 38,HYDROGEL_PACK,XIRECS,9940.0,3,1,HYDROGEL_PACK,9948.0,9940,9956,16,sell_aggr,wide,h8_15,Mark 38,seller,5.0,1.0,-2.5,10.0,-1.0,15.0
104400,Mark 55,Mark 14,VELVETFRUIT_EXTRACT,XIRECS,5252.0,6,1,VELVETFRUIT_EXTRACT,5249.5,5247,5252,5,buy_aggr,mid,h8_15,Mark 55,buyer,1.0,1.0,9.5,9.5,16.0,16.0
107100,Mark 14,Mark 38,HYDROGEL_PACK,XIRECS,9952.0,5,1,HYDROGEL_PACK,9960.0,9952,9968,16,sell_aggr,wide,h8_15,Mark 38,seller,0.0,1.5,5.0,6.5,-1.0,-5.0
107900,Mark 55,Mark 01,VELVETFRUIT_EXTRACT,XIRECS,5267.0,3,1,VELVETFRUIT_EXTRACT,5264.0,5261,5267,6,buy_aggr,mid,h8_15,Mark 55,buyer,0.0,0.0,6.5,6.5,-6.5,-6.5
109000,Mark 67,Mark 49,VELVETFRUIT_EXTRACT,XIRECS,5265.0,12,1,VELVETFRUIT_EXTRACT,5264.5,5264,5265,1,buy_aggr,tight,h8_15,Mark 67,buyer,4.0,4.0,0.0,0.0,-7.0,-7.0
109100,Mark 14,Mark 38,HYDROGEL_PACK,XIRECS,9957.0,2,1,HYDROGEL_PACK,9965.0,9957,9973,16,sell_aggr,wide,h8_15,Mark 38,seller,1.0,4.0,-6.0,-2.0,-13.0,-9.0
110100,Mark 01,Mark 55,VELVETFRUIT_EXTRACT,XIRECS,5265.0,4,1,VELVETFRUIT_EXTRACT,5267.5,5265,5270,5,sell_aggr,mid,h8_15,Mark 55,seller,-1.0,-1.0,-4.0,-4.0,-9.0,-9.0
112000,Mark 14,Mark 55,VELVETFRUIT_EXTRACT,XIRECS,5260.0,3,1,VELVETFRUIT_EXTRACT,5262.5,5260,5265,5,sell_aggr,mid,h8_15,Mark 55,seller,2.0,2.0,2.0,2.0,1.0,1.0
112700,Mark 14,Mark 38,HYDROGEL_PACK,XIRECS,9948.0,2,1,HYDROGEL_PACK,9956.0,9948,9964,16,sell_aggr,wide,h8_15,Mark 38,seller,-6.0,-1.5,-11.0,2.0,-9.0,1.0
113900,Mark 38,Mark 14,HYDROGEL_PACK,XIRECS,9956.0,2,1,HYDROGEL_PACK,9948.0,9940,9956,16,buy_aggr,wide,h8_15,Mark 38,buyer,0.0,4.5,-1.0,-3.0,-6.0,3.5
115500,Mark 14,Mark 38,HYDROGEL_PACK,XIRECS,9937.0,3,1,HYDROGEL_PACK,9945.0,9937,9953,16,sell_aggr,wide,h8_15,Mark 38,seller,4.0,-4.5,24.0,-3.0,1.0,3.5
118800,Mark 14,Mark 55,VELVETFRUIT_EXTRACT,XIRECS,5257.0,3,1,VELVETFRUIT_EXTRACT,5259.5,5257,5262,5,sell_aggr,mid,h8_15,Mark 55,seller,-1.5,-1.5,1.0,1.0,5.0,5.0
119400,Mark 38,Mark 14,HYDROGEL_PACK,XIRECS,9962.0,3,1,HYDROGEL_PACK,9954.0,9946,9962,16,buy_aggr,wide,h8_15,Mark 38,buyer,3.0,0.0,-0.5,5.0,5.0,5.0
120300,Mark 01,Mark 22,VEV_5400,XIRECS,18.0,4,1,VEV_5400,18.5,18,19,1,sell_aggr,tight,h8_15,Mark 22,seller,1.0,3.0,1.5,6.5,1.0,4.5
120300,Mark 01,Mark 22,VEV_5500,XIRECS,8.0,4,1,VEV_5500,8.5,8,9,1,sell_aggr,tight,h8_15,Mark 22,seller,0.0,3.0,0.0,6.5,0.0,4.5
120300,Mark 01,Mark 22,VEV_6000,XIRECS,0.0,4,1,VEV_6000,0.5,0,1,1,sell_aggr,tight,h8_15,Mark 22,seller,0.0,3.0,0.0,6.5,0.0,4.5
120300,Mark 01,Mark 22,VEV_6500,XIRECS,0.0,4,1,VEV_6500,0.5,0,1,1,sell_aggr,tight,h8_15,Mark 22,seller,0.0,3.0,0.0,6.5,0.0,4.5
120700,Mark 38,Mark 14,HYDROGEL_PACK,XIRECS,9958.0,2,1,HYDROGEL_PACK,9950.0,9942,9958,16,buy_aggr,wide,h8_15,Mark 38,buyer,4.0,0.0,-3.0,0.0,5.5,0.5
123300,Mark 01,Mark 55,VELVETFRUIT_EXTRACT,XIRECS,5262.0,7,1,VELVETFRUIT_EXTRACT,5264.5,5262,5267,5,sell_aggr,mid,h8_15,Mark 55,seller,0.0,0.0,-1.0,-1.0,-0.5,-0.5
125600,Mark 55,Mark 14,VELVETFRUIT_EXTRACT,XIRECS,5265.0,3,1,VELVETFRUIT_EXTRACT,5262.5,5260,5265,5,buy_aggr,mid,h8_15,Mark 55,buyer,1.0,1.0,4.0,4.0,-2.0,-2.0
126000,Mark 38,Mark 14,HYDROGEL_PACK,XIRECS,9953.0,4,1,HYDROGEL_PACK,9945.0,9937,9953,16,buy_aggr,wide,h8_15,Mark 38,buyer,1.0,3.5,10.0,2.5,8.0,-0.5
127200,Mark 01,Mark 22,VEV_5500,XIRECS,8.0,3,1,VEV_5500,8.5,8,9,1,sell_aggr,tight,h8_15,Mark 22,seller,0.5,2.5,0.0,0.5,0.0,-4.0
127200,Mark 01,Mark 22,VEV_6000,XIRECS,0.0,3,1,VEV_6000,0.5,0,1,1,sell_aggr,tight,h8_15,Mark 22,seller,0.0,2.5,0.0,0.5,0.0,-4.0
127200,Mark 01,Mark 22,VEV_6500,XIRECS,0.0,3,1,VEV_6500,0.5,0,1,1,sell_aggr,tight,h8_15,Mark 22,seller,0.0,2.5,0.0,0.5,0.0,-4.0
129100,Mark 38,Mark 14,VEV_4000,XIRECS,1275.0,3,1,VEV_4000,1264.0,1253,1275,22,buy_aggr,wide,h8_15,Mark 38,buyer,0.0,0.0,1.5,2.5,-6.5,-6.5
129500,Mark 38,Mark 14,HYDROGEL_PACK,XIRECS,9967.0,6,1,HYDROGEL_PACK,9959.0,9951,9967,16,buy_aggr,wide,h8_15,Mark 38,buyer,-2.0,-1.0,-8.0,2.0,5.0,-5.5
129800,Mark 14,Mark 38,HYDROGEL_PACK,XIRECS,9951.0,4,1,HYDROGEL_PACK,9959.0,9951,9967,16,sell_aggr,wide,h8_15,Mark 38,seller,-0.5,-2.5,-8.0,-0.5,9.0,-6.0
130800,Mark 14,Mark 38,HYDROGEL_PACK,XIRECS,9946.0,5,1,HYDROGEL_PACK,9954.0,9946,9962,16,sell_aggr,wide,h8_15,Mark 38,seller,-5.0,3.0,6.5,1.0,7.0,-8.5
131300,Mark 49,Mark 55,VELVETFRUIT_EXTRACT,XIRECS,5265.0,5,1,VELVETFRUIT_EXTRACT,5266.5,5265,5268,3,sell_aggr,mid,h8_15,Mark 55,seller,-2.5,-2.5,-2.5,-2.5,-8.0,-8.0
131800,Mark 01,Mark 55,VELVETFRUIT_EXTRACT,XIRECS,5261.0,5,1,VELVETFRUIT_EXTRACT,5264.0,5261,5267,6,sell_aggr,mid,h8_15,Mark 55,seller,0.0,0.0,3.5,3.5,-4.5,-4.5
132600,Mark 67,Mark 49,VELVETFRUIT_EXTRACT,XIRECS,5263.0,10,1,VELVETFRUIT_EXTRACT,5262.0,5261,5263,2,buy_aggr,tight,h8_15,Mark 67,buyer,1.5,1.5,-0.5,-0.5,0.5,0.5
133100,Mark 14,Mark 38,VEV_4000,XIRECS,1253.0,3,1,VEV_4000,1263.5,1253,1274,21,sell_aggr,wide,h8_15,Mark 38,seller,2.5,2.5,-1.5,0.0,1.5,1.5
133700,Mark 14,Mark 38,HYDROGEL_PACK,XIRECS,9948.0,4,1,HYDROGEL_PACK,9956.0,9948,9964,16,sell_aggr,wide,h8_15,Mark 38,seller,-1.0,-2.0,1.0,-5.5,-2.0,-2.5
134000,Mark 14,Mark 55,VELVETFRUIT_EXTRACT,XIRECS,5264.0,8,1,VELVETFRUIT_EXTRACT,5266.5,5264,5269,5,sell_aggr,mid,h8_15,Mark 55,seller,-5.0,-5.0,-4.0,-4.0,-4.5,-4.5
134500,Mark 14,Mark 38,HYDROGEL_PACK,XIRECS,9944.0,6,1,HYDROGEL_PACK,9952.0,9944,9960,16,sell_aggr,wide,h8_15,Mark 38,seller,4.0,0.0,-1.0,1.0,1.0,-1.0
135200,Mark 55,Mark 01,VELVETFRUIT_EXTRACT,XIRECS,5264.0,8,1,VELVETFRUIT_EXTRACT,5261.0,5258,5264,6,buy_aggr,mid,h8_15,Mark 55,buyer,0.0,0.0,-1.0,-1.0,-0.5,-0.5
135500,Mark 14,Mark 55,VELVETFRUIT_EXTRACT,XIRECS,5257.0,7,1,VELVETFRUIT_EXTRACT,5259.5,5257,5262,5,sell_aggr,mid,h8_15,Mark 55,seller,3.0,3.0,0.0,0.0,2.0,2.0
135900,Mark 01,Mark 22,VEV_5300,XIRECS,52.0,3,1,VEV_5300,53.0,52,54,2,sell_aggr,tight,h8_15,Mark 22,seller,0.0,-1.0,-2.0,-5.5,-0.5,-0.5
135900,Mark 01,Mark 22,VEV_5400,XIRECS,19.0,3,1,VEV_5400,20.0,19,21,2,sell_aggr,tight,h8_15,Mark 22,seller,0.0,-1.0,-1.0,-5.5,-0.5,-0.5
135900,Mark 01,Mark 22,VEV_5500,XIRECS,8.0,3,1,VEV_5500,8.5,8,9,1,sell_aggr,tight,h8_15,Mark 22,seller,0.0,-1.0,-0.5,-5.5,0.0,-0.5
135900,Mark 01,Mark 22,VEV_6000,XIRECS,0.0,3,1,VEV_6000,0.5,0,1,1,sell_aggr,tight,h8_15,Mark 22,seller,0.0,-1.0,0.0,-5.5,0.0,-0.5
135900,Mark 01,Mark 22,VEV_6500,XIRECS,0.0,3,1,VEV_6500,0.5,0,1,1,sell_aggr,tight,h8_15,Mark 22,seller,0.0,-1.0,0.0,-5.5,0.0,-0.5
137000,Mark 14,Mark 38,VEV_4000,XIRECS,1252.0,3,1,VEV_4000,1262.5,1252,1273,21,sell_aggr,wide,h8_15,Mark 38,seller,-3.0,-3.0,-4.0,-4.0,2.5,2.5
137300,Mark 14,Mark 38,VEV_4000,XIRECS,1251.0,3,1,VEV_4000,1261.5,1251,1272,21,sell_aggr,wide,h8_15,Mark 38,seller,-3.0,-4.5,-3.0,-3.0,6.0,6.0
137600,Mark 38,Mark 14,VEV_4000,XIRECS,1269.0,3,1,VEV_4000,1258.5,1248,1269,21,buy_aggr,wide,h8_15,Mark 38,buyer,-2.0,-2.5,0.0,-0.5,10.0,9.5
137800,Mark 14,Mark 38,HYDROGEL_PACK,XIRECS,9942.0,3,1,HYDROGEL_PACK,9950.0,9942,9958,16,sell_aggr,wide,h8_15,Mark 38,seller,2.5,-0.5,18.0,1.5,16.0,11.5
138000,Mark 01,Mark 55,VELVETFRUIT_EXTRACT,XIRECS,5254.0,7,1,VELVETFRUIT_EXTRACT,5256.5,5254,5259,5,sell_aggr,mid,h8_15,Mark 55,seller,1.0,1.0,2.0,2.0,11.0,11.0
138100,Mark 38,Mark 14,HYDROGEL_PACK,XIRECS,9959.0,2,1,HYDROGEL_PACK,9951.0,9943,9959,16,buy_aggr,wide,h8_15,Mark 38,buyer,12.0,2.0,14.0,1.0,12.0,10.0
139700,Mark 67,Mark 22,VELVETFRUIT_EXTRACT,XIRECS,5257.0,8,1,VELVETFRUIT_EXTRACT,5256.0,5255,5257,2,buy_aggr,tight,h8_15,Mark 67,buyer,1.5,1.5,3.5,3.5,9.5,9.5
140000,Mark 55,Mark 14,VELVETFRUIT_EXTRACT,XIRECS,5261.0,5,1,VELVETFRUIT_EXTRACT,5258.5,5256,5261,5,buy_aggr,mid,h8_15,Mark 55,buyer,-3.0,-3.0,1.0,1.0,8.5,8.5
140100,Mark 55,Mark 14,VELVETFRUIT_EXTRACT,XIRECS,5260.0,4,1,VELVETFRUIT_EXTRACT,5257.5,5255,5260,5,buy_aggr,mid,h8_15,Mark 55,buyer,-2.0,-2.0,2.0,2.0,8.5,8.5
141000,Mark 55,Mark 14,VELVETFRUIT_EXTRACT,XIRECS,5260.0,4,1,VELVETFRUIT_EXTRACT,5257.5,5255,5260,5,buy_aggr,mid,h8_15,Mark 55,buyer,1.0,1.0,7.0,7.0,8.0,8.0
142000,Mark 55,Mark 14,VELVETFRUIT_EXTRACT,XIRECS,5262.0,6,1,VELVETFRUIT_EXTRACT,5259.5,5257,5262,5,buy_aggr,mid,h8_15,Mark 55,buyer,3.0,3.0,2.5,2.5,-0.5,-0.5
144500,Mark 01,Mark 55,VELVETFRUIT_EXTRACT,XIRECS,5258.0,5,1,VELVETFRUIT_EXTRACT,5260.5,5258,5263,5,sell_aggr,mid,h8_15,Mark 55,seller,0.5,0.5,3.0,3.0,-7.5,-7.5
145500,Mark 01,Mark 22,VEV_5400,XIRECS,19.0,2,1,VEV_5400,19.5,19,20,1,sell_aggr,tight,h8_15,Mark 22,seller,0.5,2.5,1.5,7.0,-2.5,-12.0
145500,Mark 01,Mark 22,VEV_5500,XIRECS,8.0,2,1,VEV_5500,8.5,8,9,1,sell_aggr,tight,h8_15,Mark 22,seller,0.0,2.5,1.0,7.0,-1.0,-12.0
145500,Mark 01,Mark 22,VEV_6000,XIRECS,0.0,2,1,VEV_6000,0.5,0,1,1,sell_aggr,tight,h8_15,Mark 22,seller,0.0,2.5,0.0,7.0,0.0,-12.0
145500,Mark 01,Mark 22,VEV_6500,XIRECS,0.0,2,1,VEV_6500,0.5,0,1,1,sell_aggr,tight,h8_15,Mark 22,seller,0.0,2.5,0.0,7.0,0.0,-12.0
145600,Mark 38,Mark 14,HYDROGEL_PACK,XIRECS,9962.0,5,1,HYDROGEL_PACK,9954.0,9946,9962,16,buy_aggr,wide,h8_15,Mark 38,buyer,3.0,1.0,10.0,6.0,5.0,-14.0
146500,Mark 38,Mark 14,HYDROGEL_PACK,XIRECS,9963.0,6,1,HYDROGEL_PACK,9955.0,9947,9963,16,buy_aggr,wide,h8_15,Mark 38,buyer,4.0,1.5,9.0,1.0,4.0,-15.5
146700,Mark 14,Mark 55,VELVETFRUIT_EXTRACT,XIRECS,5260.0,7,1,VELVETFRUIT_EXTRACT,5262.5,5260,5265,5,sell_aggr,mid,h8_15,Mark 55,seller,3.0,3.0,2.0,2.0,-15.0,-15.0
147900,Mark 14,Mark 38,VEV_4000,XIRECS,1256.0,1,1,VEV_4000,1267.0,1256,1278,22,sell_aggr,wide,h8_15,Mark 38,seller,-2.5,-4.0,-0.5,-2.0,-11.5,-13.5
148000,Mark 38,Mark 14,HYDROGEL_PACK,XIRECS,9972.0,3,1,HYDROGEL_PACK,9964.0,9956,9972,16,buy_aggr,wide,h8_15,Mark 38,buyer,0.0,-3.0,1.0,-0.5,-9.0,-15.5
148300,Mark 22,Mark 55,VELVETFRUIT_EXTRACT,XIRECS,5265.0,4,1,VELVETFRUIT_EXTRACT,5266.5,5265,5268,3,sell_aggr,mid,h8_15,Mark 55,seller,-4.0,-4.0,0.0,0.0,-10.0,-10.0
150600,Mark 01,Mark 22,VEV_5300,XIRECS,53.0,2,1,VEV_5300,54.0,53,55,2,sell_aggr,tight,h8_15,Mark 22,seller,0.0,0.5,-4.0,-9.0,-5.0,-13.0
150600,Mark 01,Mark 22,VEV_5400,XIRECS,20.0,2,1,VEV_5400,20.5,20,21,1,sell_aggr,tight,h8_15,Mark 22,seller,0.0,0.5,-2.0,-9.0,-2.0,-13.0
150600,Mark 01,Mark 22,VEV_5500,XIRECS,8.0,2,1,VEV_5500,8.5,8,9,1,sell_aggr,tight,h8_15,Mark 22,seller,0.0,0.5,-0.5,-9.0,-1.0,-13.0
150600,Mark 01,Mark 22,VEV_6000,XIRECS,0.0,2,1,VEV_6000,0.5,0,1,1,sell_aggr,tight,h8_15,Mark 22,seller,0.0,0.5,0.0,-9.0,0.0,-13.0
150600,Mark 01,Mark 22,VEV_6500,XIRECS,0.0,2,1,VEV_6500,0.5,0,1,1,sell_aggr,tight,h8_15,Mark 22,seller,0.0,0.5,0.0,-9.0,0.0,-13.0
150700,Mark 55,Mark 01,VELVETFRUIT_EXTRACT,XIRECS,5268.0,7,1,VELVETFRUIT_EXTRACT,5265.5,5263,5268,5,buy_aggr,mid,h8_15,Mark 55,buyer,1.0,1.0,-8.5,-8.5,-11.0,-11.0
151100,Mark 14,Mark 38,HYDROGEL_PACK,XIRECS,9945.0,4,1,HYDROGEL_PACK,9953.0,9945,9961,16,sell_aggr,wide,h8_15,Mark 38,seller,3.0,-5.5,2.0,-8.5,13.0,-12.5
151200,Mark 14,Mark 38,HYDROGEL_PACK,XIRECS,9944.0,6,1,HYDROGEL_PACK,9952.0,9944,9960,16,sell_aggr,wide,h8_15,Mark 38,seller,0.0,-6.0,5.0,-10.0,11.5,-13.0
151400,Mark 01,Mark 55,VELVETFRUIT_EXTRACT,XIRECS,5261.0,7,1,VELVETFRUIT_EXTRACT,5263.5,5261,5266,5,sell_aggr,mid,h8_15,Mark 55,seller,-3.5,-3.5,-7.0,-7.0,-9.0,-9.0
152700,Mark 14,Mark 38,HYDROGEL_PACK,XIRECS,9944.0,5,1,HYDROGEL_PACK,9952.0,9944,9960,16,sell_aggr,wide,h8_15,Mark 38,seller,5.0,-0.5,3.0,-2.5,18.0,-2.5
153000,Mark 01,Mark 22,VEV_5400,XIRECS,18.0,4,1,VEV_5400,18.5,18,19,1,sell_aggr,tight,h8_15,Mark 22,seller,0.0,-1.5,-0.5,-3.0,0.0,-2.0
153000,Mark 01,Mark 22,VEV_5500,XIRECS,7.0,4,1,VEV_5500,8.0,7,9,2,sell_aggr,tight,h8_15,Mark 22,seller,-0.5,-1.5,-0.5,-3.0,-0.5,-2.0
153000,Mark 01,Mark 22,VEV_6000,XIRECS,0.0,4,1,VEV_6000,0.5,0,1,1,sell_aggr,tight,h8_15,Mark 22,seller,0.0,-1.5,0.0,-3.0,0.0,-2.0
153000,Mark 01,Mark 22,VEV_6500,XIRECS,0.0,4,1,VEV_6500,0.5,0,1,1,sell_aggr,tight,h8_15,Mark 22,seller,0.0,-1.5,0.0,-3.0,0.0,-2.0
154100,Mark 14,Mark 38,VEV_4000,XIRECS,1242.0,3,1,VEV_4000,1252.5,1242,1263,21,sell_aggr,wide,h8_15,Mark 38,seller,1.0,1.0,-4.5,-4.5,0.0,-0.5
155900,Mark 38,Mark 14,HYDROGEL_PACK,XIRECS,9966.0,4,1,HYDROGEL_PACK,9958.5,9951,9966,15,buy_aggr,wide,h8_15,Mark 38,buyer,-1.5,-3.0,0.5,5.5,10.5,1.0
156200,Mark 14,Mark 38,VEV_4000,XIRECS,1237.0,1,1,VEV_4000,1247.5,1237,1258,21,sell_aggr,wide,h8_15,Mark 38,seller,0.0,0.0,8.0,8.0,3.0,3.5
156400,Mark 14,Mark 38,HYDROGEL_PACK,XIRECS,9949.0,6,1,HYDROGEL_PACK,9957.0,9949,9965,16,sell_aggr,wide,h8_15,Mark 38,seller,5.0,0.5,-3.0,10.5,13.0,7.5
159900,Mark 14,Mark 38,HYDROGEL_PACK,XIRECS,9961.0,3,1,HYDROGEL_PACK,9969.0,9961,9977,16,sell_aggr,wide,h8_15,Mark 38,seller,-4.0,0.5,-8.0,-1.0,-4.0,-3.0
161200,Mark 14,Mark 38,HYDROGEL_PACK,XIRECS,9956.0,6,1,HYDROGEL_PACK,9963.5,9956,9971,15,sell_aggr,wide,h16_23,Mark 38,seller,3.5,1.0,7.5,1.0,17.5,-5.0
163300,Mark 67,Mark 22,VELVETFRUIT_EXTRACT,XIRECS,5254.0,10,1,VELVETFRUIT_EXTRACT,5253.0,5252,5254,2,buy_aggr,tight,h16_23,Mark 67,buyer,2.0,2.0,-1.5,-1.5,-4.0,-4.0
164000,Mark 14,Mark 55,VELVETFRUIT_EXTRACT,XIRECS,5251.0,5,1,VELVETFRUIT_EXTRACT,5253.5,5251,5256,5,sell_aggr,mid,h16_23,Mark 55,seller,-1.0,-1.0,-3.0,-3.0,-4.5,-4.5
164300,Mark 38,Mark 14,HYDROGEL_PACK,XIRECS,9973.0,5,1,HYDROGEL_PACK,9965.0,9957,9973,16,buy_aggr,wide,h16_23,Mark 38,buyer,6.0,1.0,4.0,1.0,12.0,-5.5
165500,Mark 49,Mark 55,VELVETFRUIT_EXTRACT,XIRECS,5250.0,4,1,VELVETFRUIT_EXTRACT,5251.0,5250,5252,2,sell_aggr,tight,h16_23,Mark 55,seller,-0.5,-0.5,1.5,1.5,-3.5,-3.5
167300,Mark 14,Mark 38,HYDROGEL_PACK,XIRECS,9957.0,3,1,HYDROGEL_PACK,9965.0,9957,9973,16,sell_aggr,wide,h16_23,Mark 38,seller,-5.0,-1.0,1.0,-2.0,33.0,-7.5
167600,Mark 01,Mark 55,VELVETFRUIT_EXTRACT,XIRECS,5249.0,6,1,VELVETFRUIT_EXTRACT,5252.0,5249,5255,6,sell_aggr,mid,h16_23,Mark 55,seller,1.5,1.5,2.5,2.5,-6.5,-6.5
167600,Mark 14,Mark 38,VEV_4000,XIRECS,1242.0,2,1,VEV_4000,1252.5,1242,1263,21,sell_aggr,wide,h16_23,Mark 38,seller,1.0,1.5,2.0,2.5,-7.0,-6.5
168400,Mark 14,Mark 55,VELVETFRUIT_EXTRACT,XIRECS,5248.0,3,1,VELVETFRUIT_EXTRACT,5250.5,5248,5253,5,sell_aggr,mid,h16_23,Mark 55,seller,-1.0,-1.0,-1.0,-1.0,-1.0,-1.0
168500,Mark 38,Mark 14,VEV_4000,XIRECS,1261.0,2,1,VEV_4000,1255.5,1250,1261,11,buy_aggr,wide,h16_23,Mark 38,buyer,-5.0,2.0,-12.5,-1.5,-7.0,-1.5
168700,Mark 38,Mark 14,VEV_4000,XIRECS,1260.0,1,1,VEV_4000,1249.5,1239,1260,21,buy_aggr,wide,h16_23,Mark 38,buyer,1.0,2.5,0.0,-0.5,-1.0,-1.5
170400,Mark 01,Mark 22,VEV_5400,XIRECS,17.0,5,1,VEV_5400,17.5,17,18,1,sell_aggr,tight,h16_23,Mark 22,seller,0.0,0.0,0.0,-1.0,-0.5,-2.5
170400,Mark 01,Mark 22,VEV_5500,XIRECS,7.0,5,1,VEV_5500,7.5,7,8,1,sell_aggr,tight,h16_23,Mark 22,seller,0.0,0.0,0.0,-1.0,0.0,-2.5
170400,Mark 01,Mark 22,VEV_6000,XIRECS,0.0,5,1,VEV_6000,0.5,0,1,1,sell_aggr,tight,h16_23,Mark 22,seller,0.0,0.0,0.0,-1.0,0.0,-2.5
170400,Mark 01,Mark 22,VEV_6500,XIRECS,0.0,5,1,VEV_6500,0.5,0,1,1,sell_aggr,tight,h16_23,Mark 22,seller,0.0,0.0,0.0,-1.0,0.0,-2.5
170500,Mark 14,Mark 22,VEV_5300,XIRECS,46.0,3,1,VEV_5300,47.0,46,48,2,sell_aggr,tight,h16_23,Mark 22,seller,-1.0,-1.5,0.0,1.0,-1.0,-2.0
170500,Mark 01,Mark 22,VEV_5500,XIRECS,7.0,3,1,VEV_5500,7.5,7,8,1,sell_aggr,tight,h16_23,Mark 22,seller,0.0,-1.5,0.0,1.0,0.0,-2.0
170500,Mark 01,Mark 22,VEV_6000,XIRECS,0.0,3,1,VEV_6000,0.5,0,1,1,sell_aggr,tight,h16_23,Mark 22,seller,0.0,-1.5,0.0,1.0,0.0,-2.0
170500,Mark 01,Mark 22,VEV_6500,XIRECS,0.0,3,1,VEV_6500,0.5,0,1,1,sell_aggr,tight,h16_23,Mark 22,seller,0.0,-1.5,0.0,1.0,0.0,-2.0
170900,Mark 38,Mark 14,VEV_4000,XIRECS,1260.0,3,1,VEV_4000,1249.5,1239,1260,21,buy_aggr,wide,h16_23,Mark 38,buyer,2.0,2.0,-2.0,-3.5,-2.0,-3.5
171400,Mark 38,Mark 14,HYDROGEL_PACK,XIRECS,9992.0,6,1,HYDROGEL_PACK,9984.0,9976,9992,16,buy_aggr,wide,h16_23,Mark 38,buyer,-7.0,-1.0,-13.0,-4.0,25.0,-3.0
171700,Mark 01,Mark 55,VELVETFRUIT_EXTRACT,XIRECS,5248.0,7,1,VELVETFRUIT_EXTRACT,5250.5,5248,5253,5,sell_aggr,mid,h16_23,Mark 55,seller,0.0,0.0,-2.0,-2.0,-5.0,-5.0
172400,Mark 14,Mark 38,VEV_4000,XIRECS,1238.0,1,1,VEV_4000,1248.5,1238,1259,21,sell_aggr,wide,h16_23,Mark 38,seller,-1.0,-2.5,-4.0,-4.0,-4.0,-4.0
172500,Mark 01,Mark 22,VEV_5300,XIRECS,46.0,5,1,VEV_5300,47.0,46,48,2,sell_aggr,tight,h16_23,Mark 22,seller,-1.0,-2.5,-2.0,-5.5,-2.0,-4.0
172500,Mark 01,Mark 22,VEV_5400,XIRECS,17.0,5,1,VEV_5400,17.5,17,18,1,sell_aggr,tight,h16_23,Mark 22,seller,-0.5,-2.5,-1.0,-5.5,-1.0,-4.0
172500,Mark 01,Mark 22,VEV_5500,XIRECS,7.0,5,1,VEV_5500,7.5,7,8,1,sell_aggr,tight,h16_23,Mark 22,seller,0.0,-2.5,-0.5,-5.5,-0.5,-4.0
172500,Mark 01,Mark 22,VEV_6000,XIRECS,0.0,5,1,VEV_6000,0.5,0,1,1,sell_aggr,tight,h16_23,Mark 22,seller,0.0,-2.5,0.0,-5.5,0.0,-4.0
172500,Mark 01,Mark 22,VEV_6500,XIRECS,0.0,5,1,VEV_6500,0.5,0,1,1,sell_aggr,tight,h16_23,Mark 22,seller,0.0,-2.5,0.0,-5.5,0.0,-4.0
174200,Mark 38,Mark 14,HYDROGEL_PACK,XIRECS,9988.0,5,1,HYDROGEL_PACK,9980.0,9972,9988,16,buy_aggr,wide,h16_23,Mark 38,buyer,1.0,-1.0,17.0,2.0,34.0,-6.0
174400,Mark 38,Mark 14,HYDROGEL_PACK,XIRECS,9991.0,6,1,HYDROGEL_PACK,9983.5,9976,9991,15,buy_aggr,wide,h16_23,Mark 38,buyer,2.5,1.5,17.5,3.5,32.5,-4.0
178000,Mark 14,Mark 38,HYDROGEL_PACK,XIRECS,9988.0,3,1,HYDROGEL_PACK,9996.0,9988,10004,16,sell_aggr,wide,h16_23,Mark 38,seller,-2.0,1.0,6.0,-2.5,30.0,-16.0
179200,Mark 01,Mark 55,VELVETFRUIT_EXTRACT,XIRECS,5243.0,4,1,VELVETFRUIT_EXTRACT,5245.5,5243,5248,5,sell_aggr,mid,h16_23,Mark 55,seller,2.0,2.0,1.0,1.0,-9.0,-9.0
180100,Mark 55,Mark 01,VELVETFRUIT_EXTRACT,XIRECS,5248.0,3,1,VELVETFRUIT_EXTRACT,5245.5,5243,5248,5,buy_aggr,mid,h16_23,Mark 55,buyer,3.0,3.0,-2.0,-2.0,-7.0,-7.0
182100,Mark 14,Mark 38,HYDROGEL_PACK,XIRECS,10012.0,3,1,HYDROGEL_PACK,10020.0,10012,10028,16,sell_aggr,wide,h16_23,Mark 38,seller,-1.0,3.0,-7.0,-2.0,2.0,-6.5
182800,Mark 14,Mark 38,HYDROGEL_PACK,XIRECS,10010.0,5,1,HYDROGEL_PACK,10018.0,10010,10026,16,sell_aggr,wide,h16_23,Mark 38,seller,-9.5,2.0,2.0,-5.5,-3.0,-9.0
184200,Mark 38,Mark 14,VEV_4000,XIRECS,1251.0,3,1,VEV_4000,1240.5,1230,1251,21,buy_aggr,wide,h16_23,Mark 38,buyer,1.0,1.0,-5.0,-5.0,-4.0,-4.0
185800,Mark 38,Mark 14,HYDROGEL_PACK,XIRECS,10040.0,4,1,HYDROGEL_PACK,10032.0,10024,10040,16,buy_aggr,wide,h16_23,Mark 38,buyer,-9.0,-5.0,-6.0,-8.0,-28.0,-3.5
187400,Mark 55,Mark 01,VELVETFRUIT_EXTRACT,XIRECS,5235.0,8,1,VELVETFRUIT_EXTRACT,5232.0,5229,5235,6,buy_aggr,mid,h16_23,Mark 55,buyer,-0.5,-0.5,6.5,6.5,5.5,5.5
187600,Mark 55,Mark 01,VELVETFRUIT_EXTRACT,XIRECS,5235.0,5,1,VELVETFRUIT_EXTRACT,5232.0,5229,5235,6,buy_aggr,mid,h16_23,Mark 55,buyer,-2.0,-2.0,8.5,8.5,4.5,4.5
188400,Mark 14,Mark 38,HYDROGEL_PACK,XIRECS,10021.0,4,1,HYDROGEL_PACK,10029.0,10021,10037,16,sell_aggr,wide,h16_23,Mark 38,seller,-3.0,2.0,-3.0,5.0,-26.0,9.0
188800,Mark 22,Mark 55,VELVETFRUIT_EXTRACT,XIRECS,5232.0,6,1,VELVETFRUIT_EXTRACT,5233.5,5232,5235,3,sell_aggr,mid,h16_23,Mark 55,seller,4.0,4.0,4.0,4.0,8.0,8.0
190100,Mark 01,Mark 22,VEV_5300,XIRECS,42.0,3,1,VEV_5300,43.0,42,44,2,sell_aggr,tight,h16_23,Mark 22,seller,-1.0,-2.0,-1.0,-1.5,0.0,-0.5
190100,Mark 01,Mark 22,VEV_5400,XIRECS,15.0,3,1,VEV_5400,15.5,15,16,1,sell_aggr,tight,h16_23,Mark 22,seller,-0.5,-2.0,-0.5,-1.5,0.0,-0.5
190100,Mark 01,Mark 22,VEV_5500,XIRECS,6.0,3,1,VEV_5500,6.5,6,7,1,sell_aggr,tight,h16_23,Mark 22,seller,0.0,-2.0,0.0,-1.5,0.0,-0.5
190100,Mark 01,Mark 22,VEV_6000,XIRECS,0.0,3,1,VEV_6000,0.5,0,1,1,sell_aggr,tight,h16_23,Mark 22,seller,0.0,-2.0,0.0,-1.5,0.0,-0.5
190100,Mark 01,Mark 22,VEV_6500,XIRECS,0.0,3,1,VEV_6500,0.5,0,1,1,sell_aggr,tight,h16_23,Mark 22,seller,0.0,-2.0,0.0,-1.5,0.0,-0.5
190600,Mark 14,Mark 55,VELVETFRUIT_EXTRACT,XIRECS,5234.0,6,1,VELVETFRUIT_EXTRACT,5236.5,5234,5239,5,sell_aggr,mid,h16_23,Mark 55,seller,3.0,3.0,-3.0,-3.0,4.0,4.0
190700,Mark 55,Mark 14,VELVETFRUIT_EXTRACT,XIRECS,5239.0,3,1,VELVETFRUIT_EXTRACT,5236.5,5234,5239,5,buy_aggr,mid,h16_23,Mark 55,buyer,3.0,3.0,-3.0,-3.0,5.0,5.0
191100,Mark 14,Mark 55,VELVETFRUIT_EXTRACT,XIRECS,5237.0,8,1,VELVETFRUIT_EXTRACT,5239.5,5237,5242,5,sell_aggr,mid,h16_23,Mark 55,seller,-2.0,-2.0,-4.0,-4.0,1.0,1.0
192600,Mark 14,Mark 55,VELVETFRUIT_EXTRACT,XIRECS,5231.0,3,1,VELVETFRUIT_EXTRACT,5233.5,5231,5236,5,sell_aggr,mid,h16_23,Mark 55,seller,2.0,2.0,2.0,2.0,10.0,10.0
192800,Mark 14,Mark 38,HYDROGEL_PACK,XIRECS,10007.0,5,1,HYDROGEL_PACK,10015.0,10007,10023,16,sell_aggr,wide,h16_23,Mark 38,seller,1.0,-0.5,-8.0,-1.0,10.0,7.0
193400,Mark 38,Mark 14,HYDROGEL_PACK,XIRECS,10026.0,4,1,HYDROGEL_PACK,10018.0,10010,10026,16,buy_aggr,wide,h16_23,Mark 38,buyer,-3.0,0.0,-14.0,-2.5,3.0,5.0
194200,Mark 38,Mark 14,VEV_4000,XIRECS,1247.0,2,1,VEV_4000,1236.5,1226,1247,21,buy_aggr,wide,h16_23,Mark 38,buyer,-1.5,-1.5,-1.0,-1.0,6.0,6.0
194400,Mark 14,Mark 55,VELVETFRUIT_EXTRACT,XIRECS,5234.0,5,1,VELVETFRUIT_EXTRACT,5236.5,5234,5239,5,sell_aggr,mid,h16_23,Mark 55,seller,-3.0,-3.0,-2.0,-2.0,3.5,3.5
195200,Mark 55,Mark 14,VELVETFRUIT_EXTRACT,XIRECS,5236.0,3,1,VELVETFRUIT_EXTRACT,5233.5,5231,5236,5,buy_aggr,mid,h16_23,Mark 55,buyer,1.0,1.0,2.5,2.5,8.5,8.5
195600,Mark 01,Mark 22,VEV_5300,XIRECS,41.0,3,1,VEV_5300,42.0,41,43,2,sell_aggr,tight,h16_23,Mark 22,seller,-1.0,-2.0,1.0,1.0,4.0,11.0
195600,Mark 01,Mark 22,VEV_5400,XIRECS,14.0,3,1,VEV_5400,14.5,14,15,1,sell_aggr,tight,h16_23,Mark 22,seller,0.0,-2.0,1.0,1.0,2.0,11.0
195600,Mark 01,Mark 22,VEV_5500,XIRECS,6.0,3,1,VEV_5500,6.5,6,7,1,sell_aggr,tight,h16_23,Mark 22,seller,0.0,-2.0,0.0,1.0,1.0,11.0
195600,Mark 01,Mark 22,VEV_6000,XIRECS,0.0,3,1,VEV_6000,0.5,0,1,1,sell_aggr,tight,h16_23,Mark 22,seller,0.0,-2.0,0.0,1.0,0.0,11.0
195600,Mark 01,Mark 22,VEV_6500,XIRECS,0.0,3,1,VEV_6500,0.5,0,1,1,sell_aggr,tight,h16_23,Mark 22,seller,0.0,-2.0,0.0,1.0,0.0,11.0
196100,Mark 55,Mark 14,VELVETFRUIT_EXTRACT,XIRECS,5236.0,5,1,VELVETFRUIT_EXTRACT,5233.5,5231,5236,5,buy_aggr,mid,h16_23,Mark 55,buyer,0.0,0.0,5.0,5.0,11.0,11.0
196700,Mark 14,Mark 38,VEV_4000,XIRECS,1225.0,1,1,VEV_4000,1235.5,1225,1246,21,sell_aggr,wide,h16_23,Mark 38,seller,0.5,0.5,6.0,6.0,9.0,9.0
197600,Mark 67,Mark 49,VELVETFRUIT_EXTRACT,XIRECS,5237.0,9,1,VELVETFRUIT_EXTRACT,5236.5,5236,5237,1,buy_aggr,tight,h16_23,Mark 67,buyer,2.0,2.0,0.5,0.5,11.5,11.5
198900,Mark 55,Mark 14,VELVETFRUIT_EXTRACT,XIRECS,5243.0,5,1,VELVETFRUIT_EXTRACT,5240.5,5238,5243,5,buy_aggr,mid,h16_23,Mark 55,buyer,0.0,0.0,1.0,1.0,6.0,6.0
199200,Mark 55,Mark 14,VELVETFRUIT_EXTRACT,XIRECS,5243.0,5,1,VELVETFRUIT_EXTRACT,5240.5,5238,5243,5,buy_aggr,mid,h16_23,Mark 55,buyer,-1.0,-1.0,1.0,1.0,7.0,7.0
199400,Mark 38,Mark 14,HYDROGEL_PACK,XIRECS,10029.0,3,1,HYDROGEL_PACK,10021.0,10013,10029,16,buy_aggr,wide,h16_23,Mark 38,buyer,-5.0,-2.0,-0.5,3.0,-7.0,9.0
202300,Mark 38,Mark 14,VEV_4000,XIRECS,1252.0,3,1,VEV_4000,1241.5,1231,1252,21,buy_aggr,wide,h16_23,Mark 38,buyer,1.0,2.5,0.0,1.5,14.0,15.5
202700,Mark 38,Mark 14,HYDROGEL_PACK,XIRECS,10033.0,5,1,HYDROGEL_PACK,10025.0,10017,10033,16,buy_aggr,wide,h16_23,Mark 38,buyer,-3.0,-3.0,-15.0,-1.0,-26.0,12.5
203200,Mark 14,Mark 38,HYDROGEL_PACK,XIRECS,10014.0,6,1,HYDROGEL_PACK,10022.0,10014,10030,16,sell_aggr,wide,h16_23,Mark 38,seller,-3.0,-2.5,-11.0,1.0,-22.0,17.5
203700,Mark 55,Mark 14,VELVETFRUIT_EXTRACT,XIRECS,5241.0,3,1,VELVETFRUIT_EXTRACT,5238.5,5236,5241,5,buy_aggr,mid,h16_23,Mark 55,buyer,4.0,4.0,7.0,7.0,18.0,18.0
206200,Mark 14,Mark 22,VEV_5400,XIRECS,16.0,3,1,VEV_5400,16.5,16,17,1,sell_aggr,tight,h16_23,Mark 22,seller,0.0,0.0,0.5,3.5,0.5,6.0
206200,Mark 01,Mark 22,VEV_6000,XIRECS,0.0,3,1,VEV_6000,0.5,0,1,1,sell_aggr,tight,h16_23,Mark 22,seller,0.0,0.0,0.0,3.5,0.0,6.0
206200,Mark 01,Mark 22,VEV_6500,XIRECS,0.0,3,1,VEV_6500,0.5,0,1,1,sell_aggr,tight,h16_23,Mark 22,seller,0.0,0.0,0.0,3.5,0.0,6.0
206600,Mark 38,Mark 14,VEV_4000,XIRECS,1255.0,1,1,VEV_4000,1244.5,1234,1255,21,buy_aggr,wide,h16_23,Mark 38,buyer,1.5,2.0,2.0,2.0,6.0,6.0
206800,Mark 01,Mark 55,VELVETFRUIT_EXTRACT,XIRECS,5241.0,6,1,VELVETFRUIT_EXTRACT,5243.5,5241,5246,5,sell_aggr,mid,h16_23,Mark 55,seller,2.0,2.0,3.0,3.0,8.0,8.0
207600,Mark 55,Mark 01,VELVETFRUIT_EXTRACT,XIRECS,5251.0,4,1,VELVETFRUIT_EXTRACT,5248.0,5245,5251,6,buy_aggr,mid,h16_23,Mark 55,buyer,-0.5,-0.5,0.5,0.5,3.0,3.0
210300,Mark 14,Mark 55,VELVETFRUIT_EXTRACT,XIRECS,5250.0,5,1,VELVETFRUIT_EXTRACT,5252.5,5250,5255,5,sell_aggr,mid,h16_23,Mark 55,seller,-1.0,-1.0,3.0,3.0,-6.0,-6.0
210600,Mark 14,Mark 38,HYDROGEL_PACK,XIRECS,9990.0,5,1,HYDROGEL_PACK,9998.0,9990,10006,16,sell_aggr,wide,h16_23,Mark 38,seller,6.0,1.5,4.0,5.0,8.0,-6.0
211100,Mark 14,Mark 38,HYDROGEL_PACK,XIRECS,9996.0,6,1,HYDROGEL_PACK,10004.0,9996,10012,16,sell_aggr,wide,h16_23,Mark 38,seller,2.0,1.0,-2.0,3.0,-2.0,-10.0
213700,Mark 55,Mark 01,VELVETFRUIT_EXTRACT,XIRECS,5259.0,5,1,VELVETFRUIT_EXTRACT,5256.5,5254,5259,5,buy_aggr,mid,h16_23,Mark 55,buyer,-3.0,-3.0,-4.0,-4.0,-9.0,-9.0
214400,Mark 01,Mark 55,VELVETFRUIT_EXTRACT,XIRECS,5250.0,3,1,VELVETFRUIT_EXTRACT,5253.0,5250,5256,6,sell_aggr,mid,h16_23,Mark 55,seller,-2.0,-2.0,-3.5,-3.5,-5.0,-5.0
215000,Mark 14,Mark 55,VELVETFRUIT_EXTRACT,XIRECS,5249.0,4,1,VELVETFRUIT_EXTRACT,5251.5,5249,5254,5,sell_aggr,mid,h16_23,Mark 55,seller,2.0,2.0,1.5,1.5,1.0,1.0
216000,Mark 38,Mark 14,VEV_4000,XIRECS,1263.0,1,1,VEV_4000,1252.5,1242,1263,21,buy_aggr,wide,h16_23,Mark 38,buyer,-2.0,-1.5,1.0,1.5,0.0,0.5
217100,Mark 55,Mark 14,VELVETFRUIT_EXTRACT,XIRECS,5257.0,4,1,VELVETFRUIT_EXTRACT,5254.5,5252,5257,5,buy_aggr,mid,h16_23,Mark 55,buyer,-3.5,-3.5,-3.0,-3.0,-0.5,-0.5
217500,Mark 38,Mark 14,HYDROGEL_PACK,XIRECS,10011.0,4,1,HYDROGEL_PACK,10003.0,9995,10011,16,buy_aggr,wide,h16_23,Mark 38,buyer,-2.0,1.5,1.0,-0.5,-22.0,2.5
217800,Mark 38,Mark 14,VEV_4000,XIRECS,1263.0,1,1,VEV_4000,1252.5,1242,1263,21,buy_aggr,wide,h16_23,Mark 38,buyer,0.0,0.5,-3.0,-2.0,1.0,1.5
218500,Mark 38,Mark 14,HYDROGEL_PACK,XIRECS,10017.0,5,1,HYDROGEL_PACK,10009.0,10001,10017,16,buy_aggr,wide,h16_23,Mark 38,buyer,-4.0,0.5,-5.0,-5.5,-22.0,-2.5
218900,Mark 38,Mark 14,HYDROGEL_PACK,XIRECS,10014.0,3,1,HYDROGEL_PACK,10006.0,9998,10014,16,buy_aggr,wide,h16_23,Mark 38,buyer,-2.0,0.0,1.0,-7.0,-19.0,-5.0
218900,Mark 14,Mark 55,VELVETFRUIT_EXTRACT,XIRECS,5249.0,8,1,VELVETFRUIT_EXTRACT,5251.5,5249,5254,5,sell_aggr,mid,h16_23,Mark 55,seller,0.0,0.0,-7.0,-7.0,-5.0,-5.0
221200,Mark 38,Mark 14,HYDROGEL_PACK,XIRECS,10011.0,5,1,HYDROGEL_PACK,10003.0,9995,10011,16,buy_aggr,wide,h16_23,Mark 38,buyer,4.0,-0.5,-8.0,2.0,6.0,-1.5
221800,Mark 14,Mark 55,VELVETFRUIT_EXTRACT,XIRECS,5241.0,7,1,VELVETFRUIT_EXTRACT,5243.5,5241,5246,5,sell_aggr,mid,h16_23,Mark 55,seller,3.0,3.0,4.5,4.5,-0.5,-0.5
222900,Mark 14,Mark 38,VEV_4000,XIRECS,1236.0,3,1,VEV_4000,1246.5,1236,1257,21,sell_aggr,wide,h16_23,Mark 38,seller,-1.0,-1.0,4.0,4.0,-3.0,-3.0
223300,Mark 38,Mark 14,VEV_4000,XIRECS,1257.0,2,1,VEV_4000,1246.5,1236,1257,21,buy_aggr,wide,h16_23,Mark 38,buyer,2.0,1.5,3.0,3.0,-4.0,-4.0
224100,Mark 38,Mark 14,VEV_4000,XIRECS,1258.0,2,1,VEV_4000,1247.5,1237,1258,21,buy_aggr,wide,h16_23,Mark 38,buyer,1.0,1.5,6.5,6.5,-4.0,-3.5
225100,Mark 55,Mark 14,VELVETFRUIT_EXTRACT,XIRECS,5254.0,5,1,VELVETFRUIT_EXTRACT,5251.5,5249,5254,5,buy_aggr,mid,h16_23,Mark 55,buyer,-1.0,-1.0,2.5,2.5,-4.5,-4.5
226100,Mark 14,Mark 38,HYDROGEL_PACK,XIRECS,9974.0,5,1,HYDROGEL_PACK,9982.0,9974,9990,16,sell_aggr,wide,h16_23,Mark 38,seller,0.0,-1.5,-1.0,0.0,27.0,-7.0
229100,Mark 38,Mark 14,VEV_4000,XIRECS,1258.0,1,1,VEV_4000,1247.5,1237,1258,21,buy_aggr,wide,h16_23,Mark 38,buyer,-1.0,-0.5,-4.0,-3.5,6.0,6.5
230000,Mark 38,Mark 14,HYDROGEL_PACK,XIRECS,9998.0,4,1,HYDROGEL_PACK,9990.0,9982,9998,16,buy_aggr,wide,h16_23,Mark 38,buyer,7.0,-1.0,20.0,-2.0,21.0,9.0
230800,Mark 38,Mark 14,HYDROGEL_PACK,XIRECS,10007.0,3,1,HYDROGEL_PACK,9999.0,9991,10007,16,buy_aggr,wide,h16_23,Mark 38,buyer,11.0,-0.5,12.0,2.0,24.5,14.5
235300,Mark 01,Mark 22,VEV_5400,XIRECS,16.0,3,1,VEV_5400,16.5,16,17,1,sell_aggr,tight,h16_23,Mark 22,seller,0.0,1.0,0.5,5.0,1.0,7.5
235300,Mark 01,Mark 22,VEV_5500,XIRECS,7.0,3,1,VEV_5500,7.5,7,8,1,sell_aggr,tight,h16_23,Mark 22,seller,0.0,1.0,0.0,5.0,0.0,7.5
235300,Mark 01,Mark 22,VEV_6000,XIRECS,0.0,3,1,VEV_6000,0.5,0,1,1,sell_aggr,tight,h16_23,Mark 22,seller,0.0,1.0,0.0,5.0,0.0,7.5
235300,Mark 01,Mark 22,VEV_6500,XIRECS,0.0,3,1,VEV_6500,0.5,0,1,1,sell_aggr,tight,h16_23,Mark 22,seller,0.0,1.0,0.0,5.0,0.0,7.5
235900,Mark 14,Mark 38,HYDROGEL_PACK,XIRECS,9998.0,3,1,HYDROGEL_PACK,10006.0,9998,10014,16,sell_aggr,wide,h16_23,Mark 38,seller,7.0,-2.5,13.0,3.5,0.0,7.0
237900,Mark 55,Mark 01,VELVETFRUIT_EXTRACT,XIRECS,5254.0,6,1,VELVETFRUIT_EXTRACT,5251.0,5248,5254,6,buy_aggr,mid,h16_23,Mark 55,buyer,-2.5,-2.5,4.5,4.5,6.0,6.0
238200,Mark 38,Mark 14,HYDROGEL_PACK,XIRECS,10025.0,2,1,HYDROGEL_PACK,10017.0,10009,10025,16,buy_aggr,wide,h16_23,Mark 38,buyer,0.0,0.5,-2.0,5.5,0.0,8.5
239400,Mark 14,Mark 55,VELVETFRUIT_EXTRACT,XIRECS,5251.0,6,1,VELVETFRUIT_EXTRACT,5253.5,5251,5256,5,sell_aggr,mid,h16_23,Mark 55,seller,2.0,2.0,5.0,5.0,12.0,12.0
239600,Mark 14,Mark 38,HYDROGEL_PACK,XIRECS,10006.0,4,1,HYDROGEL_PACK,10014.0,10006,10022,16,sell_aggr,wide,h16_23,Mark 38,seller,-4.0,1.5,-2.0,6.0,-8.0,12.0
239600,Mark 55,Mark 22,VELVETFRUIT_EXTRACT,XIRECS,5255.0,5,1,VELVETFRUIT_EXTRACT,5253.5,5252,5255,3,buy_aggr,mid,h16_23,Mark 55,buyer,1.5,1.5,6.0,6.0,12.0,12.0
239700,Mark 38,Mark 14,HYDROGEL_PACK,XIRECS,10021.0,6,1,HYDROGEL_PACK,10013.0,10005,10021,16,buy_aggr,wide,h16_23,Mark 38,buyer,2.0,1.0,-3.0,6.0,-8.0,11.0
240200,Mark 55,Mark 14,VELVETFRUIT_EXTRACT,XIRECS,5258.0,3,1,VELVETFRUIT_EXTRACT,5255.5,5253,5258,5,buy_aggr,mid,h0_7,Mark 55,buyer,2.0,2.0,6.0,6.0,9.5,9.5
240600,Mark 14,Mark 38,HYDROGEL_PACK,XIRECS,10013.0,3,1,HYDROGEL_PACK,10021.0,10013,10029,16,sell_aggr,wide,h0_7,Mark 38,seller,-5.0,3.0,-15.0,2.0,-23.0,6.0
241900,Mark 14,Mark 38,HYDROGEL_PACK,XIRECS,10005.0,2,1,HYDROGEL_PACK,10013.0,10005,10021,16,sell_aggr,wide,h0_7,Mark 38,seller,-7.0,-1.0,-7.5,-4.0,-19.0,1.5
242900,Mark 67,Mark 22,VELVETFRUIT_EXTRACT,XIRECS,5254.0,5,1,VELVETFRUIT_EXTRACT,5253.0,5252,5254,2,buy_aggr,tight,h0_7,Mark 67,buyer,1.5,1.5,3.5,3.5,12.5,12.5
245600,Mark 55,Mark 14,VELVETFRUIT_EXTRACT,XIRECS,5256.0,6,1,VELVETFRUIT_EXTRACT,5253.5,5251,5256,5,buy_aggr,mid,h0_7,Mark 55,buyer,2.5,2.5,3.0,3.0,10.0,10.0
248200,Mark 38,Mark 14,HYDROGEL_PACK,XIRECS,10025.0,5,1,HYDROGEL_PACK,10017.0,10009,10025,16,buy_aggr,wide,h0_7,Mark 38,buyer,0.0,3.5,-16.0,6.5,-46.0,-2.5
248300,Mark 01,Mark 55,VELVETFRUIT_EXTRACT,XIRECS,5257.0,5,1,VELVETFRUIT_EXTRACT,5259.5,5257,5262,5,sell_aggr,mid,h0_7,Mark 55,seller,4.0,4.0,5.0,5.0,-1.0,-1.0
250500,Mark 01,Mark 55,VELVETFRUIT_EXTRACT,XIRECS,5260.0,4,1,VELVETFRUIT_EXTRACT,5262.5,5260,5265,5,sell_aggr,mid,h0_7,Mark 55,seller,1.0,1.0,2.0,2.0,-6.5,-6.5
250600,Mark 14,Mark 38,VEV_4000,XIRECS,1252.0,2,1,VEV_4000,1262.5,1252,1273,21,sell_aggr,wide,h0_7,Mark 38,seller,1.0,1.0,4.5,5.0,-5.0,-5.0
251200,Mark 01,Mark 55,VELVETFRUIT_EXTRACT,XIRECS,5262.0,8,1,VELVETFRUIT_EXTRACT,5264.5,5262,5267,5,sell_aggr,mid,h0_7,Mark 55,seller,0.5,0.5,-2.0,-2.0,-7.0,-7.0
251600,Mark 38,Mark 14,VEV_4000,XIRECS,1275.0,3,1,VEV_4000,1264.5,1254,1275,21,buy_aggr,wide,h0_7,Mark 38,buyer,-1.0,-1.0,0.0,0.0,-8.0,-10.5
251900,Mark 67,Mark 49,VELVETFRUIT_EXTRACT,XIRECS,5263.0,14,1,VELVETFRUIT_EXTRACT,5262.0,5261,5263,2,buy_aggr,tight,h0_7,Mark 67,buyer,2.5,2.5,1.5,1.5,-7.0,-7.0
252400,Mark 55,Mark 14,VELVETFRUIT_EXTRACT,XIRECS,5267.0,6,1,VELVETFRUIT_EXTRACT,5264.5,5262,5267,5,buy_aggr,mid,h0_7,Mark 55,buyer,1.0,1.0,0.5,0.5,-11.5,-11.5
252500,Mark 14,Mark 38,HYDROGEL_PACK,XIRECS,9988.0,3,1,HYDROGEL_PACK,9996.0,9988,10004,16,sell_aggr,wide,h0_7,Mark 38,seller,-1.0,0.0,-4.0,0.0,2.0,-10.0
252500,Mark 01,Mark 22,VEV_5300,XIRECS,53.0,2,1,VEV_5300,54.0,53,55,2,sell_aggr,tight,h0_7,Mark 22,seller,0.0,0.0,0.0,0.0,-4.0,-10.0
252500,Mark 01,Mark 22,VEV_5400,XIRECS,19.0,2,1,VEV_5400,20.0,19,21,2,sell_aggr,tight,h0_7,Mark 22,seller,0.0,0.0,0.0,0.0,-2.0,-10.0
252500,Mark 01,Mark 22,VEV_5500,XIRECS,8.0,2,1,VEV_5500,9.0,8,10,2,sell_aggr,tight,h0_7,Mark 22,seller,0.0,0.0,0.0,0.0,-1.0,-10.0
252500,Mark 01,Mark 22,VEV_6000,XIRECS,0.0,2,1,VEV_6000,0.5,0,1,1,sell_aggr,tight,h0_7,Mark 22,seller,0.0,0.0,0.0,0.0,0.0,-10.0
252500,Mark 01,Mark 22,VEV_6500,XIRECS,0.0,2,1,VEV_6500,0.5,0,1,1,sell_aggr,tight,h0_7,Mark 22,seller,0.0,0.0,0.0,0.0,0.0,-10.0
253900,Mark 55,Mark 14,VELVETFRUIT_EXTRACT,XIRECS,5266.0,3,1,VELVETFRUIT_EXTRACT,5263.5,5261,5266,5,buy_aggr,mid,h0_7,Mark 55,buyer,1.5,1.5,1.0,1.0,-9.0,-9.0
254700,Mark 38,Mark 14,HYDROGEL_PACK,XIRECS,9997.0,5,1,HYDROGEL_PACK,9992.5,9988,9997,9,buy_aggr,wide,h0_7,Mark 38,buyer,-7.5,1.0,-13.5,2.5,8.5,-11.5
255000,Mark 14,Mark 38,HYDROGEL_PACK,XIRECS,9980.0,4,1,HYDROGEL_PACK,9988.0,9980,9996,16,sell_aggr,wide,h0_7,Mark 38,seller,-10.0,-0.5,-9.0,2.5,13.0,-9.5
255300,Mark 14,Mark 38,HYDROGEL_PACK,XIRECS,9973.0,2,1,HYDROGEL_PACK,9981.0,9973,9989,16,sell_aggr,wide,h0_7,Mark 38,seller,-6.0,0.5,-8.0,-0.5,21.0,-13.0
255400,Mark 14,Mark 38,HYDROGEL_PACK,XIRECS,9973.0,3,1,HYDROGEL_PACK,9981.0,9973,9989,16,sell_aggr,wide,h0_7,Mark 38,seller,-3.0,1.5,-8.0,1.5,19.0,-14.0
258400,Mark 67,Mark 22,VELVETFRUIT_EXTRACT,XIRECS,5257.0,8,1,VELVETFRUIT_EXTRACT,5256.0,5255,5257,2,buy_aggr,tight,h0_7,Mark 67,buyer,2.0,2.0,-2.5,-2.5,-9.5,-9.5
262200,Mark 01,Mark 55,VELVETFRUIT_EXTRACT,XIRECS,5250.0,4,1,VELVETFRUIT_EXTRACT,5252.5,5250,5255,5,sell_aggr,mid,h0_7,Mark 55,seller,5.0,5.0,0.0,0.0,7.0,7.0
262300,Mark 38,Mark 14,HYDROGEL_PACK,XIRECS,10005.0,4,1,HYDROGEL_PACK,9997.0,9989,10005,16,buy_aggr,wide,h0_7,Mark 38,buyer,3.0,1.0,5.0,-2.0,-22.0,6.0
262800,Mark 38,Mark 14,HYDROGEL_PACK,XIRECS,10008.0,2,1,HYDROGEL_PACK,10000.0,9992,10008,16,buy_aggr,wide,h0_7,Mark 38,buyer,3.0,1.0,0.0,-3.0,-25.0,7.0
263100,Mark 38,Mark 14,VEV_4000,XIRECS,1268.0,3,1,VEV_4000,1257.5,1247,1268,21,buy_aggr,wide,h0_7,Mark 38,buyer,-4.0,-4.0,-5.0,-5.0,3.0,3.0
263900,Mark 55,Mark 14,VELVETFRUIT_EXTRACT,XIRECS,5257.0,7,1,VELVETFRUIT_EXTRACT,5254.5,5252,5257,5,buy_aggr,mid,h0_7,Mark 55,buyer,-2.0,-2.0,-4.0,-4.0,5.0,5.0
265400,Mark 67,Mark 49,VELVETFRUIT_EXTRACT,XIRECS,5250.0,9,1,VELVETFRUIT_EXTRACT,5249.0,5248,5250,2,buy_aggr,tight,h0_7,Mark 67,buyer,1.5,1.5,1.5,1.5,9.5,9.5
265600,Mark 14,Mark 55,VELVETFRUIT_EXTRACT,XIRECS,5248.0,5,1,VELVETFRUIT_EXTRACT,5250.5,5248,5253,5,sell_aggr,mid,h0_7,Mark 55,seller,0.5,0.5,-1.5,-1.5,9.0,9.0
265800,Mark 55,Mark 14,VELVETFRUIT_EXTRACT,XIRECS,5252.0,7,1,VELVETFRUIT_EXTRACT,5249.5,5247,5252,5,buy_aggr,mid,h0_7,Mark 55,buyer,3.0,3.0,-2.0,-2.0,9.0,9.0
265900,Mark 14,Mark 38,VEV_4000,XIRECS,1240.0,1,1,VEV_4000,1250.5,1240,1261,21,sell_aggr,wide,h0_7,Mark 38,seller,0.0,0.0,-4.0,-3.0,7.0,7.0
266300,Mark 38,Mark 14,HYDROGEL_PACK,XIRECS,9999.0,4,1,HYDROGEL_PACK,9991.0,9983,9999,16,buy_aggr,wide,h0_7,Mark 38,buyer,1.0,-3.0,1.0,-6.0,-6.0,0.0
266500,Mark 55,Mark 01,VELVETFRUIT_EXTRACT,XIRECS,5253.0,5,1,VELVETFRUIT_EXTRACT,5250.0,5247,5253,6,buy_aggr,mid,h0_7,Mark 55,buyer,0.5,0.5,-3.5,-3.5,4.0,4.0
266600,Mark 38,Mark 14,HYDROGEL_PACK,XIRECS,9997.0,4,1,HYDROGEL_PACK,9989.0,9981,9997,16,buy_aggr,wide,h0_7,Mark 38,buyer,1.0,2.5,0.0,-1.0,-6.0,4.0
267400,Mark 55,Mark 14,VELVETFRUIT_EXTRACT,XIRECS,5253.0,3,1,VELVETFRUIT_EXTRACT,5250.5,5248,5253,5,buy_aggr,mid,h0_7,Mark 55,buyer,-3.0,-3.0,0.0,0.0,1.0,1.0
268300,Mark 38,Mark 14,VEV_4000,XIRECS,1257.0,2,1,VEV_4000,1246.5,1236,1257,21,buy_aggr,wide,h0_7,Mark 38,buyer,0.0,0.0,7.0,7.5,9.0,9.0
268700,Mark 55,Mark 14,VELVETFRUIT_EXTRACT,XIRECS,5251.0,5,1,VELVETFRUIT_EXTRACT,5248.5,5246,5251,5,buy_aggr,mid,h0_7,Mark 55,buyer,1.5,1.5,10.5,10.5,6.5,6.5
269300,Mark 14,Mark 38,HYDROGEL_PACK,XIRECS,9973.0,3,1,HYDROGEL_PACK,9981.0,9973,9989,16,sell_aggr,wide,h0_7,Mark 38,seller,1.0,1.5,-1.0,8.0,-6.0,7.0
269300,Mark 01,Mark 55,VELVETFRUIT_EXTRACT,XIRECS,5247.0,5,1,VELVETFRUIT_EXTRACT,5249.5,5247,5252,5,sell_aggr,mid,h0_7,Mark 55,seller,1.5,1.5,8.0,8.0,7.0,7.0
271600,Mark 14,Mark 38,VEV_4000,XIRECS,1248.0,1,1,VEV_4000,1258.5,1248,1269,21,sell_aggr,wide,h0_7,Mark 38,seller,1.0,0.5,2.5,2.0,-1.0,-1.5
272600,Mark 67,Mark 22,VELVETFRUIT_EXTRACT,XIRECS,5261.0,7,1,VELVETFRUIT_EXTRACT,5260.0,5259,5261,2,buy_aggr,tight,h0_7,Mark 67,buyer,0.5,0.5,-1.5,-1.5,1.5,1.5
274600,Mark 38,Mark 14,HYDROGEL_PACK,XIRECS,9989.0,2,1,HYDROGEL_PACK,9981.5,9974,9989,15,buy_aggr,wide,h0_7,Mark 38,buyer,3.0,-2.0,1.5,-6.0,-9.5,3.0
275300,Mark 55,Mark 01,VELVETFRUIT_EXTRACT,XIRECS,5259.0,8,1,VELVETFRUIT_EXTRACT,5257.5,5256,5259,3,buy_aggr,mid,h0_7,Mark 55,buyer,1.0,1.0,-6.0,-6.0,7.0,7.0
275700,Mark 38,Mark 14,HYDROGEL_PACK,XIRECS,9996.0,2,1,HYDROGEL_PACK,9988.0,9980,9996,16,buy_aggr,wide,h0_7,Mark 38,buyer,-4.0,-5.5,-9.0,-8.0,-14.0,5.0
276500,Mark 55,Mark 14,VELVETFRUIT_EXTRACT,XIRECS,5255.0,7,1,VELVETFRUIT_EXTRACT,5254.0,5253,5255,2,buy_aggr,tight,h0_7,Mark 55,buyer,-2.5,-2.5,1.5,1.5,11.5,11.5
277400,Mark 55,Mark 14,VELVETFRUIT_EXTRACT,XIRECS,5254.0,4,1,VELVETFRUIT_EXTRACT,5251.5,5249,5254,5,buy_aggr,mid,h0_7,Mark 55,buyer,1.5,1.5,7.0,7.0,15.0,15.0
278300,Mark 55,Mark 14,VELVETFRUIT_EXTRACT,XIRECS,5258.0,5,1,VELVETFRUIT_EXTRACT,5255.5,5253,5258,5,buy_aggr,mid,h0_7,Mark 55,buyer,1.0,1.0,3.0,3.0,10.0,10.0
279600,Mark 55,Mark 01,VELVETFRUIT_EXTRACT,XIRECS,5260.0,4,1,VELVETFRUIT_EXTRACT,5257.0,5254,5260,6,buy_aggr,mid,h0_7,Mark 55,buyer,4.0,4.0,0.5,0.5,11.0,11.0
280500,Mark 38,Mark 14,HYDROGEL_PACK,XIRECS,9973.0,2,1,HYDROGEL_PACK,9965.0,9957,9973,16,buy_aggr,wide,h0_7,Mark 38,buyer,-5.0,0.0,6.0,6.0,-13.0,15.5
281100,Mark 14,Mark 38,HYDROGEL_PACK,XIRECS,9952.0,3,1,HYDROGEL_PACK,9960.0,9952,9968,16,sell_aggr,wide,h0_7,Mark 38,seller,4.0,3.0,11.0,4.0,-2.0,19.0
281400,Mark 67,Mark 49,VELVETFRUIT_EXTRACT,XIRECS,5253.0,15,1,VELVETFRUIT_EXTRACT,5252.5,5252,5253,1,buy_aggr,tight,h0_7,Mark 67,buyer,4.0,4.0,4.0,4.0,20.5,20.5
281500,Mark 38,Mark 14,VEV_4000,XIRECS,1267.0,1,1,VEV_4000,1256.5,1246,1267,21,buy_aggr,wide,h0_7,Mark 38,buyer,1.0,-1.0,0.0,0.0,17.5,18.0
282200,Mark 38,Mark 14,HYDROGEL_PACK,XIRECS,9979.0,2,1,HYDROGEL_PACK,9971.0,9963,9979,16,buy_aggr,wide,h0_7,Mark 38,buyer,-2.0,-2.5,5.0,-1.0,-17.0,10.0
282200,Mark 14,Mark 55,VELVETFRUIT_EXTRACT,XIRECS,5260.0,7,1,VELVETFRUIT_EXTRACT,5262.5,5260,5265,5,sell_aggr,mid,h0_7,Mark 55,seller,-2.5,-2.5,-1.0,-1.0,10.0,10.0
283400,Mark 55,Mark 14,VELVETFRUIT_EXTRACT,XIRECS,5259.0,7,1,VELVETFRUIT_EXTRACT,5256.5,5254,5259,5,buy_aggr,mid,h0_7,Mark 55,buyer,4.0,4.0,8.0,8.0,14.5,14.5
285400,Mark 14,Mark 38,HYDROGEL_PACK,XIRECS,9965.0,5,1,HYDROGEL_PACK,9973.0,9965,9981,16,sell_aggr,wide,h0_7,Mark 38,seller,5.0,-1.5,-7.0,2.0,-21.0,10.5
286300,Mark 55,Mark 01,VELVETFRUIT_EXTRACT,XIRECS,5266.0,6,1,VELVETFRUIT_EXTRACT,5263.0,5260,5266,6,buy_aggr,mid,h0_7,Mark 55,buyer,2.5,2.5,2.5,2.5,11.5,11.5
286600,Mark 38,Mark 14,VEV_4000,XIRECS,1277.0,2,1,VEV_4000,1266.5,1256,1277,21,buy_aggr,wide,h0_7,Mark 38,buyer,1.0,1.0,0.0,0.0,8.0,8.0
288800,Mark 38,Mark 14,VEV_4000,XIRECS,1278.0,1,1,VEV_4000,1267.5,1257,1278,21,buy_aggr,wide,h0_7,Mark 38,buyer,-0.5,-0.5,6.0,6.0,0.0,0.0
289100,Mark 55,Mark 14,VELVETFRUIT_EXTRACT,XIRECS,5271.0,5,1,VELVETFRUIT_EXTRACT,5268.5,5266,5271,5,buy_aggr,mid,h0_7,Mark 55,buyer,-0.5,-0.5,5.0,5.0,0.0,0.0
289200,Mark 67,Mark 49,VELVETFRUIT_EXTRACT,XIRECS,5266.0,11,1,VELVETFRUIT_EXTRACT,5265.5,5265,5266,1,buy_aggr,tight,h0_7,Mark 67,buyer,4.0,4.0,8.0,8.0,2.5,2.5
290900,Mark 38,Mark 14,HYDROGEL_PACK,XIRECS,9965.0,3,1,HYDROGEL_PACK,9957.0,9949,9965,16,buy_aggr,wide,h0_7,Mark 38,buyer,-3.0,0.5,3.0,0.0,-4.0,-1.0
291400,Mark 55,Mark 49,VELVETFRUIT_EXTRACT,XIRECS,5274.0,5,1,VELVETFRUIT_EXTRACT,5273.0,5272,5274,2,buy_aggr,tight,h0_7,Mark 55,buyer,-1.5,-1.5,-2.0,-2.0,-4.5,-4.5
291800,Mark 67,Mark 22,VELVETFRUIT_EXTRACT,XIRECS,5270.0,5,1,VELVETFRUIT_EXTRACT,5269.0,5268,5270,2,buy_aggr,tight,h0_7,Mark 67,buyer,3.5,3.5,1.5,1.5,-0.5,-0.5
292400,Mark 55,Mark 01,VELVETFRUIT_EXTRACT,XIRECS,5275.0,8,1,VELVETFRUIT_EXTRACT,5272.0,5269,5275,6,buy_aggr,mid,h0_7,Mark 55,buyer,0.5,0.5,3.0,3.0,-2.5,-2.5
292800,Mark 14,Mark 38,HYDROGEL_PACK,XIRECS,9951.0,6,1,HYDROGEL_PACK,9959.0,9951,9967,16,sell_aggr,wide,h0_7,Mark 38,seller,2.0,-1.0,-8.0,5.0,-12.0,-2.0
295000,Mark 38,Mark 14,HYDROGEL_PACK,XIRECS,9959.0,5,1,HYDROGEL_PACK,9951.0,9943,9959,16,buy_aggr,wide,h0_7,Mark 38,buyer,2.0,-1.5,-1.0,-2.0,8.0,-12.0
296900,Mark 01,Mark 55,VELVETFRUIT_EXTRACT,XIRECS,5270.0,5,1,VELVETFRUIT_EXTRACT,5273.0,5270,5276,6,sell_aggr,mid,h0_7,Mark 55,seller,-0.5,-0.5,-4.5,-4.5,-6.5,-6.5
297100,Mark 38,Mark 14,HYDROGEL_PACK,XIRECS,9958.0,3,1,HYDROGEL_PACK,9950.0,9942,9958,16,buy_aggr,wide,h0_7,Mark 38,buyer,-1.0,-1.0,3.0,-5.0,10.0,-5.0
297400,Mark 55,Mark 14,VELVETFRUIT_EXTRACT,XIRECS,5275.0,4,1,VELVETFRUIT_EXTRACT,5272.5,5270,5275,5,buy_aggr,mid,h0_7,Mark 55,buyer,-1.5,-1.5,-0.5,-0.5,-1.0,-1.0
297500,Mark 14,Mark 38,VEV_4000,XIRECS,1262.0,1,1,VEV_4000,1273.0,1262,1284,22,sell_aggr,wide,h0_7,Mark 38,seller,-2.5,-2.0,-2.5,-2.0,-0.5,0.0
301100,Mark 38,Mark 14,HYDROGEL_PACK,XIRECS,9966.0,3,1,HYDROGEL_PACK,9958.0,9950,9966,16,buy_aggr,wide,h0_7,Mark 38,buyer,-4.5,0.5,-12.0,-3.5,-29.0,-5.5
301300,Mark 38,Mark 14,HYDROGEL_PACK,XIRECS,9967.0,2,1,HYDROGEL_PACK,9959.0,9951,9967,16,buy_aggr,wide,h0_7,Mark 38,buyer,-11.0,-3.0,-13.0,-5.0,-27.5,-7.0
302400,Mark 14,Mark 38,HYDROGEL_PACK,XIRECS,9936.0,6,1,HYDROGEL_PACK,9944.0,9936,9952,16,sell_aggr,wide,h0_7,Mark 38,seller,0.0,-2.0,9.0,-4.0,-14.0,-3.0
304000,Mark 01,Mark 22,VEV_5400,XIRECS,19.0,3,1,VEV_5400,20.0,19,21,2,sell_aggr,tight,h0_7,Mark 22,seller,0.0,0.0,-0.5,-1.5,-2.0,-8.5
304000,Mark 01,Mark 22,VEV_5500,XIRECS,8.0,3,1,VEV_5500,8.5,8,9,1,sell_aggr,tight,h0_7,Mark 22,seller,0.0,0.0,0.0,-1.5,-1.0,-8.5
304000,Mark 01,Mark 22,VEV_6000,XIRECS,0.0,3,1,VEV_6000,0.5,0,1,1,sell_aggr,tight,h0_7,Mark 22,seller,0.0,0.0,0.0,-1.5,0.0,-8.5
304000,Mark 01,Mark 22,VEV_6500,XIRECS,0.0,3,1,VEV_6500,0.5,0,1,1,sell_aggr,tight,h0_7,Mark 22,seller,0.0,0.0,0.0,-1.5,0.0,-8.5
304200,Mark 14,Mark 38,HYDROGEL_PACK,XIRECS,9944.0,2,1,HYDROGEL_PACK,9952.0,9944,9960,16,sell_aggr,wide,h0_7,Mark 38,seller,7.0,1.5,5.0,-1.0,-17.0,-10.5
306500,Mark 38,Mark 14,HYDROGEL_PACK,XIRECS,9967.0,5,1,HYDROGEL_PACK,9959.0,9951,9967,16,buy_aggr,wide,h0_7,Mark 38,buyer,2.0,1.5,-8.0,5.5,-27.0,-17.5
307100,Mark 38,Mark 14,VEV_4000,XIRECS,1279.0,1,1,VEV_4000,1268.5,1258,1279,21,buy_aggr,wide,h0_7,Mark 38,buyer,2.5,3.0,-1.5,-1.0,-22.0,-22.0
307500,Mark 55,Mark 01,VELVETFRUIT_EXTRACT,XIRECS,5275.0,8,1,VELVETFRUIT_EXTRACT,5272.5,5270,5275,5,buy_aggr,mid,h0_7,Mark 55,buyer,-1.5,-1.5,-7.0,-7.0,-25.0,-25.0
308000,Mark 14,Mark 38,HYDROGEL_PACK,XIRECS,9943.0,3,1,HYDROGEL_PACK,9951.0,9943,9959,16,sell_aggr,wide,h0_7,Mark 38,seller,0.0,-0.5,-15.0,-3.5,-11.0,-24.5
308100,Mark 14,Mark 38,HYDROGEL_PACK,XIRECS,9945.0,4,1,HYDROGEL_PACK,9953.0,9945,9961,16,sell_aggr,wide,h0_7,Mark 38,seller,-1.0,-0.5,-18.0,-1.5,-12.0,-22.5
308100,Mark 67,Mark 22,VELVETFRUIT_EXTRACT,XIRECS,5271.0,6,1,VELVETFRUIT_EXTRACT,5270.0,5269,5271,2,buy_aggr,tight,h0_7,Mark 67,buyer,-0.5,-0.5,-1.5,-1.5,-22.5,-22.5
309500,Mark 55,Mark 01,VELVETFRUIT_EXTRACT,XIRECS,5268.0,4,1,VELVETFRUIT_EXTRACT,5265.5,5263,5268,5,buy_aggr,mid,h0_7,Mark 55,buyer,2.0,2.0,-1.0,-1.0,-18.5,-18.5
310100,Mark 14,Mark 22,VEV_5400,XIRECS,20.0,5,1,VEV_5400,20.5,20,21,1,sell_aggr,tight,h0_7,Mark 22,seller,-0.5,-2.0,-1.0,-4.0,-5.0,-25.0
310100,Mark 01,Mark 22,VEV_5500,XIRECS,8.0,5,1,VEV_5500,9.0,8,10,2,sell_aggr,tight,h0_7,Mark 22,seller,-0.5,-2.0,-0.5,-4.0,-2.5,-25.0
310100,Mark 01,Mark 22,VEV_6000,XIRECS,0.0,5,1,VEV_6000,0.5,0,1,1,sell_aggr,tight,h0_7,Mark 22,seller,0.0,-2.0,0.0,-4.0,0.0,-25.0
310100,Mark 01,Mark 22,VEV_6500,XIRECS,0.0,5,1,VEV_6500,0.5,0,1,1,sell_aggr,tight,h0_7,Mark 22,seller,0.0,-2.0,0.0,-4.0,0.0,-25.0
310500,Mark 67,Mark 49,VELVETFRUIT_EXTRACT,XIRECS,5266.0,11,1,VELVETFRUIT_EXTRACT,5265.5,5265,5266,1,buy_aggr,tight,h0_7,Mark 67,buyer,-1.0,-1.0,-1.0,-1.0,-20.5,-20.5
310600,Mark 14,Mark 55,VELVETFRUIT_EXTRACT,XIRECS,5264.0,3,1,VELVETFRUIT_EXTRACT,5266.5,5264,5269,5,sell_aggr,mid,h0_7,Mark 55,seller,-2.0,-2.0,-2.5,-2.5,-20.0,-20.0
313000,Mark 55,Mark 01,VELVETFRUIT_EXTRACT,XIRECS,5267.0,5,1,VELVETFRUIT_EXTRACT,5264.5,5262,5267,5,buy_aggr,mid,h0_7,Mark 55,buyer,-3.0,-3.0,-14.0,-14.0,-11.0,-11.0
314500,Mark 14,Mark 55,VELVETFRUIT_EXTRACT,XIRECS,5251.0,4,1,VELVETFRUIT_EXTRACT,5253.5,5251,5256,5,sell_aggr,mid,h0_7,Mark 55,seller,-3.0,-3.0,-6.0,-6.0,-3.0,-3.0
316200,Mark 38,Mark 14,HYDROGEL_PACK,XIRECS,9939.0,5,1,HYDROGEL_PACK,9931.0,9923,9939,16,buy_aggr,wide,h0_7,Mark 38,buyer,-1.0,-1.5,9.0,1.5,15.0,3.5
317100,Mark 14,Mark 38,HYDROGEL_PACK,XIRECS,9929.0,4,1,HYDROGEL_PACK,9937.0,9929,9945,16,sell_aggr,wide,h0_7,Mark 38,seller,6.0,1.0,5.0,-1.0,4.0,6.0
318300,Mark 38,Mark 14,HYDROGEL_PACK,XIRECS,9950.0,4,1,HYDROGEL_PACK,9942.0,9934,9950,16,buy_aggr,wide,h0_7,Mark 38,buyer,-3.0,-2.0,6.0,-6.0,2.5,1.5
318900,Mark 55,Mark 14,VELVETFRUIT_EXTRACT,XIRECS,5250.0,4,1,VELVETFRUIT_EXTRACT,5247.5,5245,5250,5,buy_aggr,mid,h0_7,Mark 55,buyer,1.0,1.0,1.0,1.0,1.0,1.0
321900,Mark 55,Mark 14,VELVETFRUIT_EXTRACT,XIRECS,5253.0,7,1,VELVETFRUIT_EXTRACT,5250.5,5248,5253,5,buy_aggr,mid,h8_15,Mark 55,buyer,3.0,3.0,1.0,1.0,-9.0,-9.0
322000,Mark 01,Mark 22,VEV_5400,XIRECS,16.0,2,1,VEV_5400,17.0,16,18,2,sell_aggr,tight,h8_15,Mark 22,seller,0.0,1.0,0.0,2.0,-2.0,-11.0
322000,Mark 01,Mark 22,VEV_5500,XIRECS,7.0,2,1,VEV_5500,7.5,7,8,1,sell_aggr,tight,h8_15,Mark 22,seller,0.0,1.0,0.0,2.0,-1.0,-11.0
322000,Mark 01,Mark 22,VEV_6000,XIRECS,0.0,2,1,VEV_6000,0.5,0,1,1,sell_aggr,tight,h8_15,Mark 22,seller,0.0,1.0,0.0,2.0,0.0,-11.0
322000,Mark 01,Mark 22,VEV_6500,XIRECS,0.0,2,1,VEV_6500,0.5,0,1,1,sell_aggr,tight,h8_15,Mark 22,seller,0.0,1.0,0.0,2.0,0.0,-11.0
322600,Mark 14,Mark 22,VEV_5200,XIRECS,98.0,4,1,VEV_5200,99.0,98,100,2,sell_aggr,tight,h8_15,Mark 22,seller,0.5,1.0,-2.5,-4.0,-7.5,-13.0
322600,Mark 01,Mark 22,VEV_5500,XIRECS,7.0,4,1,VEV_5500,7.5,7,8,1,sell_aggr,tight,h8_15,Mark 22,seller,0.0,1.0,-0.5,-4.0,-1.0,-13.0
322600,Mark 01,Mark 22,VEV_6000,XIRECS,0.0,4,1,VEV_6000,0.5,0,1,1,sell_aggr,tight,h8_15,Mark 22,seller,0.0,1.0,0.0,-4.0,0.0,-13.0
322600,Mark 01,Mark 22,VEV_6500,XIRECS,0.0,4,1,VEV_6500,0.5,0,1,1,sell_aggr,tight,h8_15,Mark 22,seller,0.0,1.0,0.0,-4.0,0.0,-13.0
323300,Mark 38,Mark 14,HYDROGEL_PACK,XIRECS,9956.0,5,1,HYDROGEL_PACK,9948.0,9940,9956,16,buy_aggr,wide,h8_15,Mark 38,buyer,-7.0,1.0,-6.5,-4.0,1.0,-11.0
323300,Mark 38,Mark 14,VEV_4000,XIRECS,1262.0,3,1,VEV_4000,1251.5,1241,1262,21,buy_aggr,wide,h8_15,Mark 38,buyer,1.0,1.0,-4.0,-4.0,-11.0,-11.0
324100,Mark 55,Mark 14,VELVETFRUIT_EXTRACT,XIRECS,5254.0,7,1,VELVETFRUIT_EXTRACT,5251.5,5249,5254,5,buy_aggr,mid,h8_15,Mark 55,buyer,-2.0,-2.0,0.0,0.0,-4.0,-4.0
324600,Mark 38,Mark 14,HYDROGEL_PACK,XIRECS,9946.0,6,1,HYDROGEL_PACK,9938.0,9930,9946,16,buy_aggr,wide,h8_15,Mark 38,buyer,6.0,1.0,6.0,0.5,21.0,-4.0
325300,Mark 14,Mark 38,VEV_4000,XIRECS,1237.0,2,1,VEV_4000,1247.5,1237,1258,21,sell_aggr,wide,h8_15,Mark 38,seller,3.0,3.0,5.0,5.0,0.0,0.0
326300,Mark 38,Mark 14,VEV_4000,XIRECS,1261.0,1,1,VEV_4000,1250.5,1240,1261,21,buy_aggr,wide,h8_15,Mark 38,buyer,2.0,2.5,1.0,0.5,1.0,1.0
327600,Mark 14,Mark 38,HYDROGEL_PACK,XIRECS,9928.0,5,1,HYDROGEL_PACK,9936.0,9928,9944,16,sell_aggr,wide,h8_15,Mark 38,seller,4.0,1.0,8.0,-6.5,8.0,0.5
327700,Mark 38,Mark 14,HYDROGEL_PACK,XIRECS,9946.0,6,1,HYDROGEL_PACK,9938.0,9930,9946,16,buy_aggr,wide,h8_15,Mark 38,buyer,5.0,2.5,8.0,-3.5,3.0,0.5
328000,Mark 14,Mark 38,VEV_4000,XIRECS,1243.0,1,1,VEV_4000,1253.5,1243,1264,21,sell_aggr,wide,h8_15,Mark 38,seller,-2.0,-1.5,-7.0,-6.5,-1.0,-0.5
328400,Mark 14,Mark 38,VEV_4000,XIRECS,1240.0,1,1,VEV_4000,1250.5,1240,1261,21,sell_aggr,wide,h8_15,Mark 38,seller,-2.0,-2.0,-6.0,-6.0,-1.0,-1.0
328500,Mark 14,Mark 55,VELVETFRUIT_EXTRACT,XIRECS,5249.0,4,1,VELVETFRUIT_EXTRACT,5251.5,5249,5254,5,sell_aggr,mid,h8_15,Mark 55,seller,-2.0,-2.0,-6.0,-6.0,-3.0,-3.0
331400,Mark 14,Mark 38,VEV_4000,XIRECS,1232.0,1,1,VEV_4000,1242.5,1232,1253,21,sell_aggr,wide,h8_15,Mark 38,seller,-1.0,-1.0,-1.0,-1.0,7.0,7.0
333100,Mark 01,Mark 55,VELVETFRUIT_EXTRACT,XIRECS,5236.0,4,1,VELVETFRUIT_EXTRACT,5238.5,5236,5241,5,sell_aggr,mid,h8_15,Mark 55,seller,6.0,6.0,11.0,11.0,12.0,12.0
334900,Mark 14,Mark 38,VEV_4000,XIRECS,1237.0,1,1,VEV_4000,1247.5,1237,1258,21,sell_aggr,wide,h8_15,Mark 38,seller,1.0,4.0,5.0,6.5,-2.0,-0.5
335300,Mark 14,Mark 38,HYDROGEL_PACK,XIRECS,9943.0,5,1,HYDROGEL_PACK,9951.0,9943,9959,16,sell_aggr,wide,h8_15,Mark 38,seller,-5.0,1.0,-6.0,4.0,3.0,-2.0
335300,Mark 01,Mark 55,VELVETFRUIT_EXTRACT,XIRECS,5245.0,3,1,VELVETFRUIT_EXTRACT,5247.5,5245,5250,5,sell_aggr,mid,h8_15,Mark 55,seller,1.0,1.0,4.0,4.0,-2.0,-2.0
335500,Mark 38,Mark 14,HYDROGEL_PACK,XIRECS,9961.0,4,1,HYDROGEL_PACK,9953.0,9945,9961,16,buy_aggr,wide,h8_15,Mark 38,buyer,-7.0,3.5,-9.0,6.5,-2.0,0.5
338100,Mark 14,Mark 38,HYDROGEL_PACK,XIRECS,9931.0,3,1,HYDROGEL_PACK,9939.0,9931,9947,16,sell_aggr,wide,h8_15,Mark 38,seller,-3.0,-3.0,4.0,-1.5,29.0,-4.0
339500,Mark 14,Mark 38,HYDROGEL_PACK,XIRECS,9932.0,3,1,HYDROGEL_PACK,9940.0,9932,9948,16,sell_aggr,wide,h8_15,Mark 38,seller,1.0,0.5,7.0,-1.0,29.0,-5.0
340100,Mark 38,Mark 14,VEV_4000,XIRECS,1260.0,2,1,VEV_4000,1249.5,1239,1260,21,buy_aggr,wide,h8_15,Mark 38,buyer,1.0,0.5,2.0,1.5,-1.0,-1.5
340500,Mark 67,Mark 49,VELVETFRUIT_EXTRACT,XIRECS,5249.0,9,1,VELVETFRUIT_EXTRACT,5248.5,5248,5249,1,buy_aggr,tight,h8_15,Mark 67,buyer,2.0,2.0,1.0,1.0,-2.0,-2.0
342000,Mark 14,Mark 55,VELVETFRUIT_EXTRACT,XIRECS,5249.0,6,1,VELVETFRUIT_EXTRACT,5251.5,5249,5254,5,sell_aggr,mid,h8_15,Mark 55,seller,-2.0,-2.0,-1.5,-1.5,-7.0,-7.0
342400,Mark 14,Mark 38,HYDROGEL_PACK,XIRECS,9944.0,5,1,HYDROGEL_PACK,9952.0,9944,9960,16,sell_aggr,wide,h8_15,Mark 38,seller,9.0,1.5,11.0,-3.0,7.5,-4.5
343100,Mark 38,Mark 14,HYDROGEL_PACK,XIRECS,9966.0,2,1,HYDROGEL_PACK,9958.0,9950,9966,16,buy_aggr,wide,h8_15,Mark 38,buyer,0.0,1.0,-2.0,-3.5,2.0,-6.0
343400,Mark 67,Mark 49,VELVETFRUIT_EXTRACT,XIRECS,5251.0,13,1,VELVETFRUIT_EXTRACT,5250.5,5250,5251,1,buy_aggr,tight,h8_15,Mark 67,buyer,1.0,1.0,-5.0,-5.0,-5.5,-5.5
344000,Mark 14,Mark 38,HYDROGEL_PACK,XIRECS,9953.0,5,1,HYDROGEL_PACK,9961.0,9953,9969,16,sell_aggr,wide,h8_15,Mark 38,seller,1.0,-2.5,-13.0,-2.5,-8.0,-4.5
344200,Mark 55,Mark 01,VELVETFRUIT_EXTRACT,XIRECS,5253.0,4,1,VELVETFRUIT_EXTRACT,5250.5,5248,5253,5,buy_aggr,mid,h8_15,Mark 55,buyer,-3.0,-3.0,-4.0,-4.0,-7.0,-7.0
345700,Mark 38,Mark 14,HYDROGEL_PACK,XIRECS,9957.0,6,1,HYDROGEL_PACK,9949.0,9941,9957,16,buy_aggr,wide,h8_15,Mark 38,buyer,1.0,-1.0,20.0,0.0,5.0,-7.0
345700,Mark 14,Mark 55,VELVETFRUIT_EXTRACT,XIRECS,5245.0,7,1,VELVETFRUIT_EXTRACT,5247.5,5245,5250,5,sell_aggr,mid,h8_15,Mark 55,seller,-1.0,-1.0,0.0,0.0,-7.0,-7.0
345900,Mark 38,Mark 14,HYDROGEL_PACK,XIRECS,9958.0,3,1,HYDROGEL_PACK,9950.0,9942,9958,16,buy_aggr,wide,h8_15,Mark 38,buyer,7.0,1.0,15.5,-1.5,4.0,-7.0
348500,Mark 14,Mark 38,HYDROGEL_PACK,XIRECS,9964.0,5,1,HYDROGEL_PACK,9972.0,9964,9980,16,sell_aggr,wide,h8_15,Mark 38,seller,1.0,-5.5,-8.0,-3.5,-20.0,-1.5
350300,Mark 01,Mark 22,VEV_5400,XIRECS,15.0,4,1,VEV_5400,16.0,15,17,2,sell_aggr,tight,h8_15,Mark 22,seller,-0.5,-1.0,-0.5,-1.5,0.5,2.0
350300,Mark 01,Mark 22,VEV_5500,XIRECS,6.0,4,1,VEV_5500,6.5,6,7,1,sell_aggr,tight,h8_15,Mark 22,seller,0.0,-1.0,0.0,-1.5,0.5,2.0
350300,Mark 01,Mark 22,VEV_6000,XIRECS,0.0,4,1,VEV_6000,0.5,0,1,1,sell_aggr,tight,h8_15,Mark 22,seller,0.0,-1.0,0.0,-1.5,0.0,2.0
350300,Mark 01,Mark 22,VEV_6500,XIRECS,0.0,4,1,VEV_6500,0.5,0,1,1,sell_aggr,tight,h8_15,Mark 22,seller,0.0,-1.0,0.0,-1.5,0.0,2.0
350900,Mark 38,Mark 14,VEV_4000,XIRECS,1256.0,3,1,VEV_4000,1245.5,1235,1256,21,buy_aggr,wide,h8_15,Mark 38,buyer,-2.0,-2.0,-1.0,-1.0,3.0,3.0
351000,Mark 38,Mark 14,HYDROGEL_PACK,XIRECS,9973.0,3,1,HYDROGEL_PACK,9965.0,9957,9973,16,buy_aggr,wide,h8_15,Mark 38,buyer,-3.0,0.0,-6.0,-1.0,-8.0,4.0
356800,Mark 14,Mark 38,VEV_4000,XIRECS,1234.0,2,1,VEV_4000,1244.5,1234,1255,21,sell_aggr,wide,h8_15,Mark 38,seller,-1.0,-2.0,4.0,1.0,6.0,5.0
357100,Mark 38,Mark 14,HYDROGEL_PACK,XIRECS,9963.0,6,1,HYDROGEL_PACK,9955.0,9947,9963,16,buy_aggr,wide,h8_15,Mark 38,buyer,1.0,4.0,-3.0,5.0,5.0,9.0
358100,Mark 14,Mark 55,VELVETFRUIT_EXTRACT,XIRECS,5245.0,6,1,VELVETFRUIT_EXTRACT,5247.5,5245,5250,5,sell_aggr,mid,h8_15,Mark 55,seller,0.0,0.0,1.0,1.0,3.0,3.0
358300,Mark 14,Mark 38,VEV_4000,XIRECS,1237.0,3,1,VEV_4000,1247.5,1237,1258,21,sell_aggr,wide,h8_15,Mark 38,seller,1.0,-1.0,1.0,1.0,2.0,2.0
358500,Mark 38,Mark 14,HYDROGEL_PACK,XIRECS,9960.0,6,1,HYDROGEL_PACK,9952.0,9944,9960,16,buy_aggr,wide,h8_15,Mark 38,buyer,-1.0,0.0,6.0,0.0,23.0,2.0
360600,Mark 14,Mark 38,HYDROGEL_PACK,XIRECS,9951.0,2,1,HYDROGEL_PACK,9959.0,9951,9967,16,sell_aggr,wide,h8_15,Mark 38,seller,-1.0,0.5,11.0,2.5,10.0,2.5
362700,Mark 14,Mark 38,HYDROGEL_PACK,XIRECS,9961.0,3,1,HYDROGEL_PACK,9969.0,9961,9977,16,sell_aggr,wide,h8_15,Mark 38,seller,4.0,1.5,0.0,1.5,-12.0,3.0
363100,Mark 38,Mark 14,HYDROGEL_PACK,XIRECS,9983.0,4,1,HYDROGEL_PACK,9975.0,9967,9983,16,buy_aggr,wide,h8_15,Mark 38,buyer,-8.0,5.0,-2.0,0.0,-15.0,1.0
364800,Mark 38,Mark 14,HYDROGEL_PACK,XIRECS,9978.0,5,1,HYDROGEL_PACK,9970.0,9962,9978,16,buy_aggr,wide,h8_15,Mark 38,buyer,1.5,-0.5,-8.0,-3.0,-13.0,-1.0
364900,Mark 14,Mark 55,VELVETFRUIT_EXTRACT,XIRECS,5251.0,7,1,VELVETFRUIT_EXTRACT,5253.5,5251,5256,5,sell_aggr,mid,h8_15,Mark 55,seller,0.0,0.0,-2.0,-2.0,-2.0,-2.0
365000,Mark 14,Mark 38,VEV_4000,XIRECS,1242.0,2,1,VEV_4000,1252.5,1242,1263,21,sell_aggr,wide,h8_15,Mark 38,seller,1.0,-0.5,-2.0,-2.0,-1.0,-0.5
365600,Mark 14,Mark 55,VELVETFRUIT_EXTRACT,XIRECS,5250.0,8,1,VELVETFRUIT_EXTRACT,5252.5,5250,5255,5,sell_aggr,mid,h8_15,Mark 55,seller,-3.5,-3.5,-2.5,-2.5,-3.0,-3.0
367900,Mark 67,Mark 22,VELVETFRUIT_EXTRACT,XIRECS,5248.0,5,1,VELVETFRUIT_EXTRACT,5247.0,5246,5248,2,buy_aggr,tight,h8_15,Mark 67,buyer,5.0,5.0,4.5,4.5,1.5,1.5
368500,Mark 38,Mark 14,HYDROGEL_PACK,XIRECS,9983.0,6,1,HYDROGEL_PACK,9975.0,9967,9983,16,buy_aggr,wide,h8_15,Mark 38,buyer,-6.0,0.0,-7.0,0.0,-16.0,0.0
371400,Mark 14,Mark 38,HYDROGEL_PACK,XIRECS,9953.0,2,1,HYDROGEL_PACK,9961.0,9953,9969,16,sell_aggr,wide,h8_15,Mark 38,seller,5.0,-2.0,1.0,4.0,-18.0,3.0
373400,Mark 38,Mark 14,HYDROGEL_PACK,XIRECS,9970.0,3,1,HYDROGEL_PACK,9962.0,9954,9970,16,buy_aggr,wide,h8_15,Mark 38,buyer,1.0,-1.0,-6.0,-3.0,-27.0,-7.0
373700,Mark 14,Mark 38,HYDROGEL_PACK,XIRECS,9954.0,5,1,HYDROGEL_PACK,9962.0,9954,9970,16,sell_aggr,wide,h8_15,Mark 38,seller,-1.0,1.0,-1.0,-5.5,-22.5,-6.0
374100,Mark 14,Mark 55,VELVETFRUIT_EXTRACT,XIRECS,5253.0,6,1,VELVETFRUIT_EXTRACT,5255.5,5253,5258,5,sell_aggr,mid,h8_15,Mark 55,seller,-1.5,-1.5,-8.0,-8.0,-6.0,-6.0
374400,Mark 14,Mark 55,VELVETFRUIT_EXTRACT,XIRECS,5253.0,4,1,VELVETFRUIT_EXTRACT,5255.5,5253,5258,5,sell_aggr,mid,h8_15,Mark 55,seller,-4.0,-4.0,-8.0,-8.0,-7.0,-7.0
374800,Mark 14,Mark 38,VEV_4000,XIRECS,1242.0,3,1,VEV_4000,1252.5,1242,1263,21,sell_aggr,wide,h8_15,Mark 38,seller,-1.0,-0.5,-6.0,-7.5,-3.0,-3.0
375100,Mark 14,Mark 38,HYDROGEL_PACK,XIRECS,9947.0,2,1,HYDROGEL_PACK,9955.0,9947,9963,16,sell_aggr,wide,h8_15,Mark 38,seller,6.0,-1.5,10.0,-1.0,-17.0,-2.5
376300,Mark 14,Mark 38,VEV_4000,XIRECS,1236.0,2,1,VEV_4000,1246.5,1236,1257,21,sell_aggr,wide,h8_15,Mark 38,seller,0.0,-1.5,3.0,3.0,-2.0,-2.0
376600,Mark 01,Mark 22,VEV_5300,XIRECS,46.0,5,1,VEV_5300,47.0,46,48,2,sell_aggr,tight,h8_15,Mark 22,seller,1.0,3.5,0.5,2.0,-0.5,-1.0
376600,Mark 01,Mark 22,VEV_5400,XIRECS,15.0,5,1,VEV_5400,15.5,15,16,1,sell_aggr,tight,h8_15,Mark 22,seller,1.0,3.5,0.5,2.0,0.0,-1.0
376600,Mark 01,Mark 22,VEV_5500,XIRECS,6.0,5,1,VEV_5500,6.5,6,7,1,sell_aggr,tight,h8_15,Mark 22,seller,0.5,3.5,0.0,2.0,0.0,-1.0
376600,Mark 01,Mark 22,VEV_6000,XIRECS,0.0,5,1,VEV_6000,0.5,0,1,1,sell_aggr,tight,h8_15,Mark 22,seller,0.0,3.5,0.0,2.0,0.0,-1.0
376600,Mark 01,Mark 22,VEV_6500,XIRECS,0.0,5,1,VEV_6500,0.5,0,1,1,sell_aggr,tight,h8_15,Mark 22,seller,0.0,3.5,0.0,2.0,0.0,-1.0
377900,Mark 14,Mark 22,VEV_5300,XIRECS,47.0,2,1,VEV_5300,48.0,47,49,2,sell_aggr,tight,h8_15,Mark 22,seller,0.0,1.0,1.0,3.0,-1.5,-2.0
377900,Mark 01,Mark 22,VEV_5500,XIRECS,6.0,2,1,VEV_5500,6.5,6,7,1,sell_aggr,tight,h8_15,Mark 22,seller,0.5,1.0,1.0,3.0,0.0,-2.0
377900,Mark 01,Mark 22,VEV_6000,XIRECS,0.0,2,1,VEV_6000,0.5,0,1,1,sell_aggr,tight,h8_15,Mark 22,seller,0.0,1.0,0.0,3.0,0.0,-2.0
377900,Mark 01,Mark 22,VEV_6500,XIRECS,0.0,2,1,VEV_6500,0.5,0,1,1,sell_aggr,tight,h8_15,Mark 22,seller,0.0,1.0,0.0,3.0,0.0,-2.0
380100,Mark 38,Mark 14,HYDROGEL_PACK,XIRECS,9957.0,6,1,HYDROGEL_PACK,9949.0,9941,9957,16,buy_aggr,wide,h8_15,Mark 38,buyer,-12.0,0.5,-14.0,-1.0,-3.5,-8.5
380700,Mark 38,Mark 14,HYDROGEL_PACK,XIRECS,9948.0,4,1,HYDROGEL_PACK,9940.0,9932,9948,16,buy_aggr,wide,h8_15,Mark 38,buyer,2.0,-0.5,-8.5,-3.5,5.5,-10.0
380900,Mark 01,Mark 55,VELVETFRUIT_EXTRACT,XIRECS,5250.0,8,1,VELVETFRUIT_EXTRACT,5253.0,5250,5256,6,sell_aggr,mid,h8_15,Mark 55,seller,1.5,1.5,-2.5,-2.5,-7.5,-7.5
381700,Mark 55,Mark 14,VELVETFRUIT_EXTRACT,XIRECS,5255.0,8,1,VELVETFRUIT_EXTRACT,5252.5,5250,5255,5,buy_aggr,mid,h8_15,Mark 55,buyer,0.0,0.0,-4.0,-4.0,-10.0,-10.0
383300,Mark 38,Mark 14,HYDROGEL_PACK,XIRECS,9945.0,5,1,HYDROGEL_PACK,9937.0,9929,9945,16,buy_aggr,wide,h8_15,Mark 38,buyer,2.0,0.0,3.0,-1.0,18.0,-3.0
383600,Mark 38,Mark 14,HYDROGEL_PACK,XIRECS,9948.0,4,1,HYDROGEL_PACK,9940.0,9932,9948,16,buy_aggr,wide,h8_15,Mark 38,buyer,1.0,1.0,-8.0,1.0,13.0,-3.5
383700,Mark 14,Mark 55,VELVETFRUIT_EXTRACT,XIRECS,5246.0,7,1,VELVETFRUIT_EXTRACT,5248.5,5246,5251,5,sell_aggr,mid,h8_15,Mark 55,seller,1.0,1.0,1.0,1.0,-5.0,-5.0
384200,Mark 14,Mark 38,VEV_4000,XIRECS,1239.0,1,1,VEV_4000,1249.5,1239,1260,21,sell_aggr,wide,h8_15,Mark 38,seller,-2.0,-1.5,-5.0,-3.5,-4.0,-9.0
384500,Mark 14,Mark 38,VEV_4000,XIRECS,1238.0,3,1,VEV_4000,1248.5,1238,1259,21,sell_aggr,wide,h8_15,Mark 38,seller,0.0,0.0,-3.0,-3.0,-8.5,-8.5
385800,Mark 38,Mark 14,HYDROGEL_PACK,XIRECS,9943.0,6,1,HYDROGEL_PACK,9935.0,9927,9943,16,buy_aggr,wide,h8_15,Mark 38,buyer,-1.0,-4.0,6.0,-2.0,9.0,-6.0
385900,Mark 14,Mark 55,VELVETFRUIT_EXTRACT,XIRECS,5245.0,3,1,VELVETFRUIT_EXTRACT,5247.5,5245,5250,5,sell_aggr,mid,h8_15,Mark 55,seller,-2.5,-2.5,-1.0,-1.0,-4.0,-4.0
386000,Mark 14,Mark 55,VELVETFRUIT_EXTRACT,XIRECS,5244.0,8,1,VELVETFRUIT_EXTRACT,5246.5,5244,5249,5,sell_aggr,mid,h8_15,Mark 55,seller,-1.0,-1.0,0.0,0.0,-3.0,-3.0
386800,Mark 38,Mark 14,VEV_4000,XIRECS,1257.0,2,1,VEV_4000,1246.5,1236,1257,21,buy_aggr,wide,h8_15,Mark 38,buyer,0.0,0.0,-1.0,-1.0,-5.0,-5.0
390100,Mark 67,Mark 49,VELVETFRUIT_EXTRACT,XIRECS,5244.0,10,1,VELVETFRUIT_EXTRACT,5243.0,5242,5244,2,buy_aggr,tight,h8_15,Mark 67,buyer,1.5,1.5,1.5,1.5,-0.5,-0.5
390800,Mark 14,Mark 38,VEV_4000,XIRECS,1233.0,3,1,VEV_4000,1243.5,1233,1254,21,sell_aggr,wide,h8_15,Mark 38,seller,1.0,1.0,0.0,0.0,2.0,2.0
392300,Mark 14,Mark 55,VELVETFRUIT_EXTRACT,XIRECS,5242.0,5,1,VELVETFRUIT_EXTRACT,5244.5,5242,5247,5,sell_aggr,mid,h8_15,Mark 55,seller,-1.0,-1.0,-5.0,-5.0,-4.0,-4.0
393000,Mark 01,Mark 55,VELVETFRUIT_EXTRACT,XIRECS,5242.0,4,1,VELVETFRUIT_EXTRACT,5244.5,5242,5247,5,sell_aggr,mid,h8_15,Mark 55,seller,-0.5,-0.5,-3.5,-3.5,-1.0,-1.0
393900,Mark 01,Mark 55,VELVETFRUIT_EXTRACT,XIRECS,5241.0,6,1,VELVETFRUIT_EXTRACT,5242.0,5241,5243,2,sell_aggr,tight,h8_15,Mark 55,seller,-3.0,-3.0,1.5,1.5,1.5,1.5
394700,Mark 14,Mark 55,VELVETFRUIT_EXTRACT,XIRECS,5237.0,8,1,VELVETFRUIT_EXTRACT,5239.5,5237,5242,5,sell_aggr,mid,h8_15,Mark 55,seller,0.0,0.0,3.0,3.0,4.0,4.0
394800,Mark 14,Mark 38,HYDROGEL_PACK,XIRECS,9941.0,5,1,HYDROGEL_PACK,9949.0,9941,9957,16,sell_aggr,wide,h8_15,Mark 38,seller,-2.0,-1.5,-2.0,1.0,-20.0,4.0
396000,Mark 55,Mark 01,VELVETFRUIT_EXTRACT,XIRECS,5246.0,8,1,VELVETFRUIT_EXTRACT,5243.5,5241,5246,5,buy_aggr,mid,h8_15,Mark 55,buyer,-2.0,-2.0,-3.0,-3.0,-2.5,-2.5
396200,Mark 01,Mark 55,VELVETFRUIT_EXTRACT,XIRECS,5240.0,7,1,VELVETFRUIT_EXTRACT,5242.5,5240,5245,5,sell_aggr,mid,h8_15,Mark 55,seller,0.0,0.0,-4.0,-4.0,0.0,0.0
396300,Mark 38,Mark 14,HYDROGEL_PACK,XIRECS,9956.0,4,1,HYDROGEL_PACK,9948.5,9941,9956,15,buy_aggr,wide,h8_15,Mark 38,buyer,-1.5,-1.0,-12.5,-4.0,-10.5,1.5
397800,Mark 38,Mark 14,HYDROGEL_PACK,XIRECS,9950.0,4,1,HYDROGEL_PACK,9942.0,9934,9950,16,buy_aggr,wide,h8_15,Mark 38,buyer,-6.0,-1.0,1.0,2.0,-8.0,1.0
398400,Mark 14,Mark 55,VELVETFRUIT_EXTRACT,XIRECS,5235.0,6,1,VELVETFRUIT_EXTRACT,5237.5,5235,5240,5,sell_aggr,mid,h8_15,Mark 55,seller,1.0,1.0,6.0,6.0,1.0,1.0
399700,Mark 01,Mark 22,VEV_5400,XIRECS,14.0,5,1,VEV_5400,14.5,14,15,1,sell_aggr,tight,h8_15,Mark 22,seller,0.0,1.0,1.0,5.0,-1.0,-7.0
399700,Mark 01,Mark 22,VEV_5500,XIRECS,6.0,5,1,VEV_5500,6.5,6,7,1,sell_aggr,tight,h8_15,Mark 22,seller,0.0,1.0,0.0,5.0,-1.0,-7.0
399700,Mark 01,Mark 22,VEV_6000,XIRECS,0.0,5,1,VEV_6000,0.5,0,1,1,sell_aggr,tight,h8_15,Mark 22,seller,0.0,1.0,0.0,5.0,0.0,-7.0
399700,Mark 01,Mark 22,VEV_6500,XIRECS,0.0,5,1,VEV_6500,0.5,0,1,1,sell_aggr,tight,h8_15,Mark 22,seller,0.0,1.0,0.0,5.0,0.0,-7.0
399900,Mark 14,Mark 38,VEV_4000,XIRECS,1231.0,1,1,VEV_4000,1241.5,1231,1252,21,sell_aggr,wide,h8_15,Mark 38,seller,2.0,2.0,3.0,3.0,-7.0,-7.0
400100,Mark 14,Mark 55,VELVETFRUIT_EXTRACT,XIRECS,5240.0,8,1,VELVETFRUIT_EXTRACT,5242.5,5240,5245,5,sell_aggr,mid,h16_23,Mark 55,seller,1.0,1.0,1.0,1.0,-6.0,-6.0
401900,Mark 01,Mark 55,VELVETFRUIT_EXTRACT,XIRECS,5242.0,8,1,VELVETFRUIT_EXTRACT,5244.5,5242,5247,5,sell_aggr,mid,h16_23,Mark 55,seller,-2.0,-2.0,-1.0,-1.0,-11.0,-11.0
402400,Mark 14,Mark 55,VELVETFRUIT_EXTRACT,XIRECS,5240.0,6,1,VELVETFRUIT_EXTRACT,5242.5,5240,5245,5,sell_aggr,mid,h16_23,Mark 55,seller,1.5,1.5,1.5,1.5,-7.0,-7.0
403500,Mark 01,Mark 55,VELVETFRUIT_EXTRACT,XIRECS,5239.0,8,1,VELVETFRUIT_EXTRACT,5241.5,5239,5244,5,sell_aggr,mid,h16_23,Mark 55,seller,1.5,1.5,1.5,1.5,-6.5,-6.5
403600,Mark 14,Mark 38,HYDROGEL_PACK,XIRECS,9922.0,6,1,HYDROGEL_PACK,9930.0,9922,9938,16,sell_aggr,wide,h16_23,Mark 38,seller,-2.0,2.0,0.0,1.0,20.0,-8.0
404200,Mark 55,Mark 14,VELVETFRUIT_EXTRACT,XIRECS,5247.0,4,1,VELVETFRUIT_EXTRACT,5244.5,5242,5247,5,buy_aggr,mid,h16_23,Mark 55,buyer,-1.0,-1.0,-2.0,-2.0,-8.5,-8.5
406400,Mark 55,Mark 14,VELVETFRUIT_EXTRACT,XIRECS,5246.0,5,1,VELVETFRUIT_EXTRACT,5243.5,5241,5246,5,buy_aggr,mid,h16_23,Mark 55,buyer,-0.5,-0.5,-5.0,-5.0,-10.0,-10.0
409300,Mark 14,Mark 38,HYDROGEL_PACK,XIRECS,9929.0,6,1,HYDROGEL_PACK,9937.0,9929,9945,16,sell_aggr,wide,h16_23,Mark 38,seller,6.0,-5.5,5.0,-4.0,10.0,-3.5
410400,Mark 01,Mark 22,VEV_5400,XIRECS,13.0,3,1,VEV_5400,13.5,13,14,1,sell_aggr,tight,h16_23,Mark 22,seller,0.0,0.0,0.0,0.0,-1.0,-8.5
410400,Mark 01,Mark 22,VEV_5500,XIRECS,5.0,3,1,VEV_5500,5.5,5,6,1,sell_aggr,tight,h16_23,Mark 22,seller,0.0,0.0,0.0,0.0,-0.5,-8.5
410400,Mark 01,Mark 22,VEV_6000,XIRECS,0.0,3,1,VEV_6000,0.5,0,1,1,sell_aggr,tight,h16_23,Mark 22,seller,0.0,0.0,0.0,0.0,0.0,-8.5
410400,Mark 01,Mark 22,VEV_6500,XIRECS,0.0,3,1,VEV_6500,0.5,0,1,1,sell_aggr,tight,h16_23,Mark 22,seller,0.0,0.0,0.0,0.0,0.0,-8.5
410600,Mark 55,Mark 14,VELVETFRUIT_EXTRACT,XIRECS,5239.0,6,1,VELVETFRUIT_EXTRACT,5236.5,5234,5239,5,buy_aggr,mid,h16_23,Mark 55,buyer,-1.5,-1.5,-1.0,-1.0,-11.0,-11.0
411000,Mark 38,Mark 14,HYDROGEL_PACK,XIRECS,9951.0,4,1,HYDROGEL_PACK,9943.0,9935,9951,16,buy_aggr,wide,h16_23,Mark 38,buyer,2.0,-1.0,8.0,3.0,5.0,-6.0
411200,Mark 55,Mark 01,VELVETFRUIT_EXTRACT,XIRECS,5236.0,7,1,VELVETFRUIT_EXTRACT,5233.5,5231,5236,5,buy_aggr,mid,h16_23,Mark 55,buyer,0.0,0.0,0.5,0.5,-6.0,-6.0
411300,Mark 55,Mark 01,VELVETFRUIT_EXTRACT,XIRECS,5236.0,7,1,VELVETFRUIT_EXTRACT,5233.5,5231,5236,5,buy_aggr,mid,h16_23,Mark 55,buyer,-1.0,-1.0,0.0,0.0,-4.5,-4.5
411400,Mark 38,Mark 14,HYDROGEL_PACK,XIRECS,9952.0,3,1,HYDROGEL_PACK,9944.0,9936,9952,16,buy_aggr,wide,h16_23,Mark 38,buyer,-2.0,1.0,3.0,1.0,11.0,-4.0
412300,Mark 38,Mark 14,HYDROGEL_PACK,XIRECS,9953.0,2,1,HYDROGEL_PACK,9945.0,9937,9953,16,buy_aggr,wide,h16_23,Mark 38,buyer,5.0,2.0,5.0,1.0,9.0,-3.5
414000,Mark 38,Mark 14,HYDROGEL_PACK,XIRECS,9962.0,2,1,HYDROGEL_PACK,9954.0,9946,9962,16,buy_aggr,wide,h16_23,Mark 38,buyer,1.0,2.0,0.0,-2.0,1.0,-3.0
414400,Mark 14,Mark 38,HYDROGEL_PACK,XIRECS,9945.0,3,1,HYDROGEL_PACK,9953.0,9945,9961,16,sell_aggr,wide,h16_23,Mark 38,seller,-4.0,1.0,1.0,-2.0,-3.5,-3.5
414800,Mark 14,Mark 38,HYDROGEL_PACK,XIRECS,9940.0,3,1,HYDROGEL_PACK,9948.0,9940,9956,16,sell_aggr,wide,h16_23,Mark 38,seller,8.5,-3.0,13.0,-5.0,7.5,-5.0
415700,Mark 55,Mark 14,VELVETFRUIT_EXTRACT,XIRECS,5234.0,3,1,VELVETFRUIT_EXTRACT,5231.5,5229,5234,5,buy_aggr,mid,h16_23,Mark 55,buyer,2.0,2.0,0.0,0.0,4.0,4.0
419700,Mark 38,Mark 14,VEV_4000,XIRECS,1241.0,1,1,VEV_4000,1230.5,1220,1241,21,buy_aggr,wide,h16_23,Mark 38,buyer,-3.0,-3.0,-2.0,-2.0,0.0,0.0
419900,Mark 55,Mark 01,VELVETFRUIT_EXTRACT,XIRECS,5231.0,6,1,VELVETFRUIT_EXTRACT,5228.5,5226,5231,5,buy_aggr,mid,h16_23,Mark 55,buyer,-1.5,-1.5,0.5,0.5,2.0,2.0
421500,Mark 14,Mark 38,HYDROGEL_PACK,XIRECS,9946.0,3,1,HYDROGEL_PACK,9954.0,9946,9962,16,sell_aggr,wide,h16_23,Mark 38,seller,-3.0,1.5,2.0,2.0,-17.0,1.5
424500,Mark 55,Mark 14,VELVETFRUIT_EXTRACT,XIRECS,5235.0,7,1,VELVETFRUIT_EXTRACT,5232.5,5230,5235,5,buy_aggr,mid,h16_23,Mark 55,buyer,2.0,2.0,2.0,2.0,-2.0,-2.0
425400,Mark 38,Mark 14,VEV_4000,XIRECS,1246.0,1,1,VEV_4000,1236.0,1226,1246,20,buy_aggr,wide,h16_23,Mark 38,buyer,-2.0,-4.0,-1.0,-1.0,-2.0,-5.5
426800,Mark 14,Mark 55,VELVETFRUIT_EXTRACT,XIRECS,5232.0,8,1,VELVETFRUIT_EXTRACT,5234.5,5232,5237,5,sell_aggr,mid,h16_23,Mark 55,seller,0.0,0.0,-3.5,-3.5,0.5,0.5
427000,Mark 14,Mark 38,HYDROGEL_PACK,XIRECS,9950.0,2,1,HYDROGEL_PACK,9958.0,9950,9966,16,sell_aggr,wide,h16_23,Mark 38,seller,-5.0,-0.5,-16.0,-2.0,-34.0,-2.0
427600,Mark 55,Mark 14,VELVETFRUIT_EXTRACT,XIRECS,5237.0,8,1,VELVETFRUIT_EXTRACT,5234.5,5232,5237,5,buy_aggr,mid,h16_23,Mark 55,buyer,-3.0,-3.0,-4.0,-4.0,-3.0,-3.0
428000,Mark 01,Mark 22,VEV_5400,XIRECS,13.0,2,1,VEV_5400,13.5,13,14,1,sell_aggr,tight,h16_23,Mark 22,seller,0.0,-3.0,0.0,-2.0,0.0,0.5
428000,Mark 01,Mark 22,VEV_5500,XIRECS,5.0,2,1,VEV_5500,5.5,5,6,1,sell_aggr,tight,h16_23,Mark 22,seller,-0.5,-3.0,0.0,-2.0,0.0,0.5
428000,Mark 01,Mark 22,VEV_6000,XIRECS,0.0,2,1,VEV_6000,0.5,0,1,1,sell_aggr,tight,h16_23,Mark 22,seller,0.0,-3.0,0.0,-2.0,0.0,0.5
428000,Mark 01,Mark 22,VEV_6500,XIRECS,0.0,2,1,VEV_6500,0.5,0,1,1,sell_aggr,tight,h16_23,Mark 22,seller,0.0,-3.0,0.0,-2.0,0.0,0.5
430200,Mark 55,Mark 14,VELVETFRUIT_EXTRACT,XIRECS,5230.0,3,1,VELVETFRUIT_EXTRACT,5227.5,5225,5230,5,buy_aggr,mid,h16_23,Mark 55,buyer,0.0,0.0,2.0,2.0,7.0,7.0
431000,Mark 55,Mark 01,VELVETFRUIT_EXTRACT,XIRECS,5233.0,5,1,VELVETFRUIT_EXTRACT,5230.5,5228,5233,5,buy_aggr,mid,h16_23,Mark 55,buyer,-1.5,-1.5,1.0,1.0,5.0,5.0
431700,Mark 55,Mark 14,VELVETFRUIT_EXTRACT,XIRECS,5233.0,4,1,VELVETFRUIT_EXTRACT,5230.5,5228,5233,5,buy_aggr,mid,h16_23,Mark 55,buyer,-1.0,-1.0,1.0,1.0,2.0,2.0
432100,Mark 55,Mark 14,VELVETFRUIT_EXTRACT,XIRECS,5234.0,3,1,VELVETFRUIT_EXTRACT,5231.5,5229,5234,5,buy_aggr,mid,h16_23,Mark 55,buyer,-2.5,-2.5,-1.5,-1.5,2.0,2.0
435300,Mark 01,Mark 55,VELVETFRUIT_EXTRACT,XIRECS,5225.0,8,1,VELVETFRUIT_EXTRACT,5227.5,5225,5230,5,sell_aggr,mid,h16_23,Mark 55,seller,4.0,4.0,5.5,5.5,17.0,17.0
436200,Mark 38,Mark 14,HYDROGEL_PACK,XIRECS,9935.0,5,1,HYDROGEL_PACK,9927.0,9919,9935,16,buy_aggr,wide,h16_23,Mark 38,buyer,-1.0,2.5,-0.5,2.5,-5.0,15.0
437100,Mark 38,Mark 22,VEV_4000,XIRECS,1233.0,1,1,VEV_4000,1228.0,1223,1233,10,buy_aggr,wide,h16_23,Mark 38,buyer,4.0,-2.0,10.5,5.0,24.5,19.0
437100,Mark 38,Mark 22,VEV_4500,XIRECS,733.0,1,1,VEV_4500,729.5,726,733,7,buy_aggr,wide,h16_23,Mark 38,buyer,2.5,-2.0,9.0,5.0,22.5,19.0
437100,Mark 38,Mark 22,VEV_5000,XIRECS,238.0,1,1,VEV_5000,237.0,236,238,2,buy_aggr,tight,h16_23,Mark 38,buyer,0.5,-2.0,7.0,5.0,20.0,19.0
437100,Mark 38,Mark 22,VEV_5100,XIRECS,152.0,1,1,VEV_5100,151.0,150,152,2,buy_aggr,tight,h16_23,Mark 38,buyer,0.0,-2.0,5.5,5.0,17.0,19.0
437100,Mark 38,Mark 22,VEV_5200,XIRECS,87.0,1,1,VEV_5200,86.5,86,87,1,buy_aggr,tight,h16_23,Mark 38,buyer,0.0,-2.0,3.5,5.0,12.0,19.0
437100,Mark 38,Mark 22,VEV_5300,XIRECS,41.0,1,1,VEV_5300,40.5,40,41,1,buy_aggr,tight,h16_23,Mark 38,buyer,0.5,-2.0,2.5,5.0,8.0,19.0
437100,Mark 01,Mark 22,VEV_5400,XIRECS,13.0,4,1,VEV_5400,13.5,13,14,1,sell_aggr,tight,h16_23,Mark 22,seller,0.0,-2.0,1.0,5.0,3.0,19.0
437100,Mark 01,Mark 22,VEV_5500,XIRECS,5.0,4,1,VEV_5500,5.5,5,6,1,sell_aggr,tight,h16_23,Mark 22,seller,0.0,-2.0,0.0,5.0,1.0,19.0
437100,Mark 01,Mark 22,VEV_6000,XIRECS,0.0,4,1,VEV_6000,0.5,0,1,1,sell_aggr,tight,h16_23,Mark 22,seller,0.0,-2.0,0.0,5.0,0.0,19.0
437100,Mark 01,Mark 22,VEV_6500,XIRECS,0.0,4,1,VEV_6500,0.5,0,1,1,sell_aggr,tight,h16_23,Mark 22,seller,0.0,-2.0,0.0,5.0,0.0,19.0
438000,Mark 01,Mark 55,VELVETFRUIT_EXTRACT,XIRECS,5230.0,7,1,VELVETFRUIT_EXTRACT,5233.0,5230,5236,6,sell_aggr,mid,h16_23,Mark 55,seller,3.5,3.5,2.5,2.5,18.5,18.5
440300,Mark 38,Mark 14,HYDROGEL_PACK,XIRECS,9922.0,2,1,HYDROGEL_PACK,9914.0,9906,9922,16,buy_aggr,wide,h16_23,Mark 38,buyer,2.0,0.0,5.0,-0.5,26.0,15.0
441300,Mark 14,Mark 38,HYDROGEL_PACK,XIRECS,9902.0,2,1,HYDROGEL_PACK,9910.0,9902,9918,16,sell_aggr,wide,h16_23,Mark 38,seller,3.0,0.0,7.0,2.5,33.0,15.0
443600,Mark 14,Mark 38,HYDROGEL_PACK,XIRECS,9908.0,2,1,HYDROGEL_PACK,9916.0,9908,9924,16,sell_aggr,wide,h16_23,Mark 38,seller,3.0,2.0,0.0,6.5,21.0,11.0
444000,Mark 14,Mark 38,VEV_4000,XIRECS,1230.0,3,1,VEV_4000,1240.5,1230,1251,21,sell_aggr,wide,h16_23,Mark 38,seller,1.0,1.0,7.0,7.0,10.0,11.0
444300,Mark 01,Mark 55,VELVETFRUIT_EXTRACT,XIRECS,5238.0,7,1,VELVETFRUIT_EXTRACT,5240.5,5238,5243,5,sell_aggr,mid,h16_23,Mark 55,seller,1.0,1.0,8.0,8.0,9.0,9.0
445900,Mark 55,Mark 14,VELVETFRUIT_EXTRACT,XIRECS,5249.0,4,1,VELVETFRUIT_EXTRACT,5246.5,5244,5249,5,buy_aggr,mid,h16_23,Mark 55,buyer,2.0,2.0,7.0,7.0,0.0,0.0
448100,Mark 55,Mark 01,VELVETFRUIT_EXTRACT,XIRECS,5254.0,3,1,VELVETFRUIT_EXTRACT,5251.5,5249,5254,5,buy_aggr,mid,h16_23,Mark 55,buyer,-1.5,-1.5,-5.0,-5.0,-7.5,-7.5
448700,Mark 14,Mark 38,VEV_4000,XIRECS,1238.0,3,1,VEV_4000,1248.5,1238,1259,21,sell_aggr,wide,h16_23,Mark 38,seller,-3.0,-3.0,0.0,0.0,-3.0,-3.0
450000,Mark 14,Mark 38,HYDROGEL_PACK,XIRECS,9932.0,5,1,HYDROGEL_PACK,9940.0,9932,9948,16,sell_aggr,wide,h16_23,Mark 38,seller,2.0,4.0,-4.0,1.5,-16.0,5.0
453500,Mark 01,Mark 55,VELVETFRUIT_EXTRACT,XIRECS,5245.0,8,1,VELVETFRUIT_EXTRACT,5248.0,5245,5251,6,sell_aggr,mid,h16_23,Mark 55,seller,3.5,3.5,-2.0,-2.0,3.5,3.5
453600,Mark 55,Mark 01,VELVETFRUIT_EXTRACT,XIRECS,5252.0,4,1,VELVETFRUIT_EXTRACT,5249.5,5247,5252,5,buy_aggr,mid,h16_23,Mark 55,buyer,0.0,0.0,-2.5,-2.5,3.0,3.0
454800,Mark 01,Mark 55,VELVETFRUIT_EXTRACT,XIRECS,5245.0,3,1,VELVETFRUIT_EXTRACT,5248.0,5245,5251,6,sell_aggr,mid,h16_23,Mark 55,seller,-1.5,-1.5,-5.5,-5.5,5.0,5.0
455200,Mark 01,Mark 55,VELVETFRUIT_EXTRACT,XIRECS,5244.0,6,1,VELVETFRUIT_EXTRACT,5247.0,5244,5250,6,sell_aggr,mid,h16_23,Mark 55,seller,0.5,0.5,-4.5,-4.5,3.5,3.5
455400,Mark 38,Mark 14,VEV_4000,XIRECS,1257.0,1,1,VEV_4000,1246.5,1236,1257,21,buy_aggr,wide,h16_23,Mark 38,buyer,0.0,0.0,-4.0,-4.0,7.0,7.0
455700,Mark 01,Mark 22,VEV_5400,XIRECS,15.0,4,1,VEV_5400,15.5,15,16,1,sell_aggr,tight,h16_23,Mark 22,seller,0.0,-0.5,-1.0,-5.0,1.5,7.0
455700,Mark 01,Mark 22,VEV_5500,XIRECS,6.0,4,1,VEV_5500,6.5,6,7,1,sell_aggr,tight,h16_23,Mark 22,seller,0.0,-0.5,-0.5,-5.0,0.5,7.0
455700,Mark 01,Mark 22,VEV_6000,XIRECS,0.0,4,1,VEV_6000,0.5,0,1,1,sell_aggr,tight,h16_23,Mark 22,seller,0.0,-0.5,0.0,-5.0,0.0,7.0
455700,Mark 01,Mark 22,VEV_6500,XIRECS,0.0,4,1,VEV_6500,0.5,0,1,1,sell_aggr,tight,h16_23,Mark 22,seller,0.0,-0.5,0.0,-5.0,0.0,7.0
457700,Mark 14,Mark 38,HYDROGEL_PACK,XIRECS,9914.0,4,1,HYDROGEL_PACK,9922.0,9914,9930,16,sell_aggr,wide,h16_23,Mark 38,seller,0.0,1.5,7.5,5.0,12.0,8.0
458400,Mark 55,Mark 14,VELVETFRUIT_EXTRACT,XIRECS,5248.0,3,1,VELVETFRUIT_EXTRACT,5245.5,5243,5248,5,buy_aggr,mid,h16_23,Mark 55,buyer,0.5,0.5,5.0,5.0,4.0,4.0
459900,Mark 55,Mark 01,VELVETFRUIT_EXTRACT,XIRECS,5252.0,8,1,VELVETFRUIT_EXTRACT,5249.5,5247,5252,5,buy_aggr,mid,h16_23,Mark 55,buyer,1.0,1.0,6.0,6.0,2.0,2.0
459900,Mark 14,Mark 38,VEV_4000,XIRECS,1239.0,2,1,VEV_4000,1249.5,1239,1260,21,sell_aggr,wide,h16_23,Mark 38,seller,-4.5,1.0,6.0,6.0,2.0,2.0
460400,Mark 01,Mark 22,VEV_5300,XIRECS,47.0,3,1,VEV_5300,48.0,47,49,2,sell_aggr,tight,h16_23,Mark 22,seller,1.0,2.0,2.0,6.0,1.5,4.0
460400,Mark 14,Mark 22,VEV_5400,XIRECS,16.0,3,1,VEV_5400,16.5,16,17,1,sell_aggr,tight,h16_23,Mark 22,seller,0.0,2.0,1.0,6.0,0.5,4.0
460400,Mark 01,Mark 22,VEV_5500,XIRECS,6.0,3,1,VEV_5500,6.5,6,7,1,sell_aggr,tight,h16_23,Mark 22,seller,0.0,2.0,1.0,6.0,0.5,4.0
460400,Mark 01,Mark 22,VEV_6000,XIRECS,0.0,3,1,VEV_6000,0.5,0,1,1,sell_aggr,tight,h16_23,Mark 22,seller,0.0,2.0,0.0,6.0,0.0,4.0
460400,Mark 01,Mark 22,VEV_6500,XIRECS,0.0,3,1,VEV_6500,0.5,0,1,1,sell_aggr,tight,h16_23,Mark 22,seller,0.0,2.0,0.0,6.0,0.0,4.0
460700,Mark 55,Mark 14,VELVETFRUIT_EXTRACT,XIRECS,5254.0,6,1,VELVETFRUIT_EXTRACT,5251.5,5249,5254,5,buy_aggr,mid,h16_23,Mark 55,buyer,0.5,0.5,4.0,4.0,2.5,2.5
462300,Mark 55,Mark 01,VELVETFRUIT_EXTRACT,XIRECS,5259.0,8,1,VELVETFRUIT_EXTRACT,5256.0,5253,5259,6,buy_aggr,mid,h16_23,Mark 55,buyer,0.5,0.5,-3.0,-3.0,-4.5,-4.5
462500,Mark 38,Mark 14,HYDROGEL_PACK,XIRECS,9932.0,2,1,HYDROGEL_PACK,9924.0,9916,9932,16,buy_aggr,wide,h16_23,Mark 38,buyer,-2.0,-3.0,-13.0,-2.0,14.0,-4.0
464200,Mark 14,Mark 38,VEV_4000,XIRECS,1241.0,1,1,VEV_4000,1251.5,1241,1262,21,sell_aggr,wide,h16_23,Mark 38,seller,2.0,2.5,3.0,3.0,4.0,4.0
465300,Mark 55,Mark 14,VELVETFRUIT_EXTRACT,XIRECS,5255.0,8,1,VELVETFRUIT_EXTRACT,5252.5,5250,5255,5,buy_aggr,mid,h16_23,Mark 55,buyer,2.0,2.0,-2.0,-2.0,1.0,1.0
468000,Mark 01,Mark 55,VELVETFRUIT_EXTRACT,XIRECS,5247.0,3,1,VELVETFRUIT_EXTRACT,5249.5,5247,5252,5,sell_aggr,mid,h16_23,Mark 55,seller,1.0,1.0,4.5,4.5,6.0,6.0
469300,Mark 01,Mark 55,VELVETFRUIT_EXTRACT,XIRECS,5252.0,6,1,VELVETFRUIT_EXTRACT,5254.5,5252,5257,5,sell_aggr,mid,h16_23,Mark 55,seller,-2.0,-2.0,-7.0,-7.0,-5.0,-5.0
469600,Mark 14,Mark 55,VELVETFRUIT_EXTRACT,XIRECS,5252.0,7,1,VELVETFRUIT_EXTRACT,5254.5,5252,5257,5,sell_aggr,mid,h16_23,Mark 55,seller,0.0,0.0,-4.0,-4.0,-5.0,-5.0
470400,Mark 55,Mark 14,VELVETFRUIT_EXTRACT,XIRECS,5257.0,4,1,VELVETFRUIT_EXTRACT,5254.5,5252,5257,5,buy_aggr,mid,h16_23,Mark 55,buyer,-4.0,-4.0,-2.0,-2.0,-5.0,-5.0
472600,Mark 14,Mark 55,VELVETFRUIT_EXTRACT,XIRECS,5249.0,3,1,VELVETFRUIT_EXTRACT,5251.5,5249,5254,5,sell_aggr,mid,h16_23,Mark 55,seller,0.0,0.0,2.0,2.0,-7.0,-7.0
475400,Mark 55,Mark 49,VELVETFRUIT_EXTRACT,XIRECS,5254.0,7,1,VELVETFRUIT_EXTRACT,5253.0,5252,5254,2,buy_aggr,tight,h16_23,Mark 55,buyer,3.5,3.5,5.5,5.5,-9.5,-9.5
475500,Mark 14,Mark 38,VEV_4000,XIRECS,1244.0,1,1,VEV_4000,1254.5,1244,1265,21,sell_aggr,wide,h16_23,Mark 38,seller,2.0,2.5,4.0,4.0,-12.5,-12.5
476200,Mark 38,Mark 14,HYDROGEL_PACK,XIRECS,9959.0,3,1,HYDROGEL_PACK,9951.0,9943,9959,16,buy_aggr,wide,h16_23,Mark 38,buyer,0.5,-1.0,7.0,-3.0,10.0,-13.5
476500,Mark 01,Mark 22,VEV_5400,XIRECS,17.0,2,1,VEV_5400,17.5,17,18,1,sell_aggr,tight,h16_23,Mark 22,seller,0.0,-0.5,-0.5,-3.0,-3.0,-15.0
476500,Mark 01,Mark 22,VEV_5500,XIRECS,7.0,2,1,VEV_5500,7.5,7,8,1,sell_aggr,tight,h16_23,Mark 22,seller,-0.5,-0.5,-1.0,-3.0,-2.0,-15.0
476500,Mark 01,Mark 22,VEV_6000,XIRECS,0.0,2,1,VEV_6000,0.5,0,1,1,sell_aggr,tight,h16_23,Mark 22,seller,0.0,-0.5,0.0,-3.0,0.0,-15.0
476500,Mark 01,Mark 22,VEV_6500,XIRECS,0.0,2,1,VEV_6500,0.5,0,1,1,sell_aggr,tight,h16_23,Mark 22,seller,0.0,-0.5,0.0,-3.0,0.0,-15.0
477600,Mark 14,Mark 38,HYDROGEL_PACK,XIRECS,9941.0,5,1,HYDROGEL_PACK,9949.0,9941,9957,16,sell_aggr,wide,h16_23,Mark 38,seller,5.0,-4.0,12.0,-9.0,14.0,-19.5
477900,Mark 55,Mark 01,VELVETFRUIT_EXTRACT,XIRECS,5258.0,5,1,VELVETFRUIT_EXTRACT,5255.0,5252,5258,6,buy_aggr,mid,h16_23,Mark 55,buyer,-2.5,-2.5,-4.5,-4.5,-15.5,-15.5
478900,Mark 14,Mark 55,VELVETFRUIT_EXTRACT,XIRECS,5250.0,4,1,VELVETFRUIT_EXTRACT,5252.5,5250,5255,5,sell_aggr,mid,h16_23,Mark 55,seller,-3.0,-3.0,-3.0,-3.0,-11.0,-11.0
479100,Mark 38,Mark 14,HYDROGEL_PACK,XIRECS,9973.0,5,1,HYDROGEL_PACK,9968.5,9964,9973,9,buy_aggr,wide,h16_23,Mark 38,buyer,-7.5,-1.0,-5.5,-2.0,-9.5,-9.0
480100,Mark 67,Mark 49,VELVETFRUIT_EXTRACT,XIRECS,5250.0,10,1,VELVETFRUIT_EXTRACT,5249.0,5248,5250,2,buy_aggr,tight,h0_7,Mark 67,buyer,-0.5,-0.5,-5.5,-5.5,-6.5,-6.5
480700,Mark 38,Mark 14,VEV_4000,XIRECS,1259.0,2,1,VEV_4000,1248.5,1238,1259,21,buy_aggr,wide,h0_7,Mark 38,buyer,-1.0,-1.5,-3.0,-3.5,-7.0,-7.5
480900,Mark 14,Mark 38,VEV_4000,XIRECS,1239.0,2,1,VEV_4000,1249.5,1239,1260,21,sell_aggr,wide,h0_7,Mark 38,seller,-4.0,-4.0,-7.0,-7.0,-6.0,-6.0
481300,Mark 38,Mark 14,VEV_4000,XIRECS,1257.0,3,1,VEV_4000,1246.5,1236,1257,21,buy_aggr,wide,h0_7,Mark 38,buyer,-3.0,-3.5,-6.0,-6.0,-2.0,-2.0
483100,Mark 55,Mark 14,VELVETFRUIT_EXTRACT,XIRECS,5245.0,8,1,VELVETFRUIT_EXTRACT,5242.5,5240,5245,5,buy_aggr,mid,h0_7,Mark 55,buyer,-4.0,-4.0,-0.5,-0.5,-1.0,-1.0
