day,timestamp,symbol,buyer,seller,aggressor,price,qty,notional,mid0,spread0,spr_regime,session,fwd_5_sym,fwd_5_u,fwd_5_h,mark_5_sym,mark_5_u,mark_5_h,fwd_20_sym,fwd_20_u,fwd_20_h,mark_20_sym,mark_20_u,mark_20_h,fwd_100_sym,fwd_100_u,fwd_100_h,mark_100_sym,mark_100_u,mark_100_h,baseline_loo_u20,resid_u20_bsr_loo
1,4500,VEV_5400,Mark 01,Mark 22,sell,18.0,2,36.0,18.5,1.0,tight,early,18.0,5252.0,9962.0,-0.5,-2.5,-2.0,18.0,5250.5,9940.5,-0.5,-4.0,-23.5,15.0,5234.5,9957.0,-3.5,-20.0,-7.0,0.3466666666666667,-4.346666666666667
1,4500,VEV_5500,Mark 01,Mark 22,sell,8.0,2,16.0,8.5,1.0,tight,early,8.5,5252.0,9962.0,0.0,-2.5,-2.0,8.0,5250.5,9940.5,-0.5,-4.0,-23.5,6.5,5234.5,9957.0,-2.0,-20.0,-7.0,0.10227272727272728,-4.1022727272727275
1,4500,VEV_6000,Mark 01,Mark 22,sell,0.0,2,0.0,0.5,1.0,tight,early,0.5,5252.0,9962.0,0.0,-2.5,-2.0,0.5,5250.5,9940.5,0.0,-4.0,-23.5,0.5,5234.5,9957.0,0.0,-20.0,-7.0,0.15263157894736842,-4.152631578947369
1,4500,VEV_6500,Mark 01,Mark 22,sell,0.0,2,0.0,0.5,1.0,tight,early,0.5,5252.0,9962.0,0.0,-2.5,-2.0,0.5,5250.5,9940.5,0.0,-4.0,-23.5,0.5,5234.5,9957.0,0.0,-20.0,-7.0,0.15263157894736842,-4.152631578947369
1,5100,HYDROGEL_PACK,Mark 38,Mark 22,buy,9960.0,4,39840.0,9956.0,8.0,tight,early,9952.0,5253.0,9952.0,-4.0,1.0,-4.0,9949.0,5248.5,9949.0,-7.0,-3.5,-7.0,9957.0,5234.5,9957.0,1.0,-17.5,1.0,-1.2142857142857142,-2.2857142857142856
1,5300,VEV_4000,Mark 38,Mark 14,buy,1264.0,2,2528.0,1253.5,21.0,tight,early,1253.5,5253.5,9947.0,0.0,0.0,-11.0,1246.5,5246.5,9945.0,-7.0,-7.0,-13.0,1233.5,5233.5,9957.0,-20.0,-20.0,-1.0,0.19696969696969696,-7.196969696969697
1,6100,VELVETFRUIT_EXTRACT,Mark 55,Mark 01,buy,5255.0,3,15765.0,5252.5,5.0,tight,early,5250.5,5250.5,9947.0,-2.0,-2.0,-2.0,5247.5,5247.5,9945.0,-5.0,-5.0,-4.0,5231.5,5231.5,9955.0,-21.0,-21.0,6.0,-1.375,-3.625
1,6200,HYDROGEL_PACK,Mark 38,Mark 14,buy,9955.0,5,49775.0,9947.0,16.0,tight,early,9945.0,5250.0,9945.0,-2.0,-2.5,-2.0,9945.0,5245.5,9945.0,-2.0,-7.0,-2.0,9956.0,5232.5,9956.0,9.0,-20.0,9.0,0.2697841726618705,-7.26978417266187
1,9400,VELVETFRUIT_EXTRACT,Mark 55,Mark 49,buy,5244.0,8,41952.0,5243.5,1.0,tight,early,5245.0,5245.0,9946.5,1.5,1.5,-0.5,5243.5,5243.5,9942.0,0.0,0.0,-5.0,5228.5,5228.5,9947.0,-15.0,-15.0,0.0,3.0,-3.0
1,9600,VEV_5400,Mark 01,Mark 22,sell,16.0,4,64.0,17.0,2.0,wide,early,16.5,5244.0,9944.0,-0.5,-2.5,0.0,16.0,5241.5,9946.0,-1.0,-5.0,2.0,13.5,5229.0,9945.0,-3.5,-17.5,1.0,0.1419753086419753,-5.1419753086419755
1,9600,VEV_5500,Mark 01,Mark 22,sell,7.0,4,28.0,7.5,1.0,tight,early,7.5,5244.0,9944.0,0.0,-2.5,0.0,7.5,5241.5,9946.0,0.0,-5.0,2.0,6.5,5229.0,9945.0,-1.0,-17.5,1.0,0.11363636363636363,-5.113636363636363
1,9600,VEV_6000,Mark 01,Mark 22,sell,0.0,4,0.0,0.5,1.0,tight,early,0.5,5244.0,9944.0,0.0,-2.5,0.0,0.5,5241.5,9946.0,0.0,-5.0,2.0,0.5,5229.0,9945.0,0.0,-17.5,1.0,0.1631578947368421,-5.163157894736842
1,9600,VEV_6500,Mark 01,Mark 22,sell,0.0,4,0.0,0.5,1.0,tight,early,0.5,5244.0,9944.0,0.0,-2.5,0.0,0.5,5241.5,9946.0,0.0,-5.0,2.0,0.5,5229.0,9945.0,0.0,-17.5,1.0,0.1631578947368421,-5.163157894736842
1,10400,VELVETFRUIT_EXTRACT,Mark 67,Mark 49,buy,5240.0,12,62880.0,5239.5,1.0,tight,early,5243.5,5243.5,9942.0,4.0,4.0,-2.0,5241.5,5241.5,9952.0,2.0,2.0,8.0,5228.5,5228.5,9951.0,-11.0,-11.0,7.0,1.6306818181818181,0.3693181818181819
1,11800,VEV_5500,Mark 01,Mark 22,sell,7.0,4,28.0,7.5,1.0,tight,early,7.5,5241.5,9951.0,0.0,0.0,2.0,6.5,5238.5,9964.0,-1.0,-3.0,15.0,6.5,5229.5,9956.0,-1.0,-12.0,7.0,0.09090909090909091,-3.090909090909091
1,11800,VEV_6000,Mark 01,Mark 22,sell,0.0,4,0.0,0.5,1.0,tight,early,0.5,5241.5,9951.0,0.0,0.0,2.0,0.5,5238.5,9964.0,0.0,-3.0,15.0,0.5,5229.5,9956.0,0.0,-12.0,7.0,0.14210526315789473,-3.1421052631578945
1,11800,VEV_6500,Mark 01,Mark 22,sell,0.0,4,0.0,0.5,1.0,tight,early,0.5,5241.5,9951.0,0.0,0.0,2.0,0.5,5238.5,9964.0,0.0,-3.0,15.0,0.5,5229.5,9956.0,0.0,-12.0,7.0,0.14210526315789473,-3.1421052631578945
1,14300,VELVETFRUIT_EXTRACT,Mark 55,Mark 01,buy,5238.0,6,31428.0,5235.5,5.0,tight,early,5234.5,5234.5,9957.0,-1.0,-1.0,-3.0,5230.0,5230.0,9956.0,-5.5,-5.5,-4.0,5234.5,5234.5,9954.0,-1.0,-1.0,-6.0,-1.3571428571428572,-4.142857142857142
1,14800,VELVETFRUIT_EXTRACT,Mark 01,Mark 55,sell,5232.0,6,31392.0,5234.5,5.0,tight,early,5233.5,5233.5,9957.0,-1.0,-1.0,0.0,5230.5,5230.5,9950.5,-4.0,-4.0,-6.5,5233.5,5233.5,9953.0,-1.0,-1.0,-4.0,-0.16666666666666666,-3.8333333333333335
1,14800,VEV_5300,Mark 01,Mark 22,sell,42.0,4,168.0,43.0,2.0,tight,early,43.0,5233.5,9957.0,0.0,-1.0,0.0,42.0,5230.5,9950.5,-1.0,-4.0,-6.5,43.0,5233.5,9953.0,0.0,-1.0,-4.0,-0.9848484848484849,-3.015151515151515
1,14800,VEV_5400,Mark 01,Mark 22,sell,14.0,4,56.0,15.0,2.0,wide,early,14.5,5233.5,9957.0,-0.5,-1.0,0.0,14.5,5230.5,9950.5,-0.5,-4.0,-6.5,14.5,5233.5,9953.0,-0.5,-1.0,-4.0,0.12962962962962962,-4.12962962962963
1,14800,VEV_5500,Mark 01,Mark 22,sell,6.0,4,24.0,6.5,1.0,tight,early,6.5,5233.5,9957.0,0.0,-1.0,0.0,6.5,5230.5,9950.5,0.0,-4.0,-6.5,6.5,5233.5,9953.0,0.0,-1.0,-4.0,0.10227272727272728,-4.1022727272727275
1,14800,VEV_6000,Mark 01,Mark 22,sell,0.0,4,0.0,0.5,1.0,tight,early,0.5,5233.5,9957.0,0.0,-1.0,0.0,0.5,5230.5,9950.5,0.0,-4.0,-6.5,0.5,5233.5,9953.0,0.0,-1.0,-4.0,0.15263157894736842,-4.152631578947369
1,14800,VEV_6500,Mark 01,Mark 22,sell,0.0,4,0.0,0.5,1.0,tight,early,0.5,5233.5,9957.0,0.0,-1.0,0.0,0.5,5230.5,9950.5,0.0,-4.0,-6.5,0.5,5233.5,9953.0,0.0,-1.0,-4.0,0.15263157894736842,-4.152631578947369
1,15000,HYDROGEL_PACK,Mark 38,Mark 14,buy,9966.0,4,39864.0,9958.5,15.0,tight,early,9957.0,5231.5,9957.0,-1.5,-2.0,-1.5,9947.0,5229.5,9947.0,-11.5,-4.0,-11.5,9952.0,5231.5,9952.0,-6.5,-2.0,-6.5,0.24820143884892087,-4.248201438848921
1,16700,VEV_4000,Mark 14,Mark 38,sell,1221.0,2,2442.0,1226.0,10.0,tight,early,1232.5,5232.5,9943.0,6.5,1.0,-7.0,1228.0,5227.0,9946.0,2.0,-4.5,-4.0,1230.5,5230.5,9942.0,4.5,-1.0,-8.0,0.008064516129032258,-4.508064516129032
1,16700,VEV_5300,Mark 01,Mark 22,sell,41.0,2,82.0,42.0,2.0,tight,early,42.0,5232.5,9943.0,0.0,1.0,-7.0,41.0,5227.0,9946.0,-1.0,-4.5,-4.0,41.0,5230.5,9942.0,-1.0,-1.0,-8.0,-0.9696969696969697,-3.5303030303030303
1,16700,VEV_5400,Mark 01,Mark 22,sell,14.0,2,28.0,14.5,1.0,tight,early,14.5,5232.5,9943.0,0.0,1.0,-7.0,13.5,5227.0,9946.0,-1.0,-4.5,-4.0,14.0,5230.5,9942.0,-0.5,-1.0,-8.0,0.35333333333333333,-4.8533333333333335
1,16700,VEV_5500,Mark 01,Mark 22,sell,6.0,2,12.0,6.5,1.0,tight,early,6.5,5232.5,9943.0,0.0,1.0,-7.0,6.0,5227.0,9946.0,-0.5,-4.5,-4.0,6.5,5230.5,9942.0,0.0,-1.0,-8.0,0.10795454545454546,-4.607954545454546
1,16700,VEV_6000,Mark 01,Mark 22,sell,0.0,2,0.0,0.5,1.0,tight,early,0.5,5232.5,9943.0,0.0,1.0,-7.0,0.5,5227.0,9946.0,0.0,-4.5,-4.0,0.5,5230.5,9942.0,0.0,-1.0,-8.0,0.15789473684210525,-4.657894736842105
1,16700,VEV_6500,Mark 01,Mark 22,sell,0.0,2,0.0,0.5,1.0,tight,early,0.5,5232.5,9943.0,0.0,1.0,-7.0,0.5,5227.0,9946.0,0.0,-4.5,-4.0,0.5,5230.5,9942.0,0.0,-1.0,-8.0,0.15789473684210525,-4.657894736842105
1,17300,VEV_4000,Mark 14,Mark 38,sell,1221.0,1,1221.0,1231.5,21.0,tight,early,1233.5,5232.0,9939.5,2.0,0.5,-0.5,1228.5,5228.5,9951.5,-3.0,-3.0,11.5,1235.5,5235.5,9950.0,4.0,4.0,10.0,-0.016129032258064516,-2.9838709677419355
1,17400,VELVETFRUIT_EXTRACT,Mark 67,Mark 22,buy,5230.0,8,41840.0,5229.0,2.0,tight,early,5233.0,5233.0,9944.0,4.0,4.0,4.0,5228.5,5228.5,9947.0,-0.5,-0.5,7.0,5236.5,5236.5,9945.0,7.5,7.5,5.0,2.060810810810811,-2.560810810810811
1,17900,VEV_4000,Mark 38,Mark 14,buy,1243.0,1,1243.0,1233.0,20.0,tight,early,1229.5,5229.5,9940.0,-3.5,-3.5,-4.0,1226.5,5226.5,9952.0,-6.5,-6.5,8.0,1237.5,5237.5,9941.0,4.5,4.5,-3.0,0.1893939393939394,-6.6893939393939394
1,19300,VELVETFRUIT_EXTRACT,Mark 14,Mark 55,sell,5226.0,5,26130.0,5228.5,5.0,tight,early,5228.5,5228.5,9951.0,0.0,0.0,-0.5,5228.5,5228.5,9961.0,0.0,0.0,9.5,5239.5,5239.5,9946.0,11.0,11.0,-5.5,-0.3305084745762712,0.3305084745762712
1,20200,VELVETFRUIT_EXTRACT,Mark 14,Mark 55,sell,5224.0,5,26120.0,5226.5,5.0,tight,early,5227.5,5227.5,9960.0,1.0,1.0,7.0,5227.5,5227.5,9959.0,1.0,1.0,6.0,5237.5,5237.5,9945.0,11.0,11.0,-8.0,-0.3474576271186441,1.347457627118644
1,22800,HYDROGEL_PACK,Mark 14,Mark 38,sell,9946.0,6,59676.0,9954.0,16.0,tight,early,9951.0,5231.5,9951.0,-3.0,0.0,-3.0,9953.0,5233.5,9953.0,-1.0,2.0,-1.0,9956.0,5237.0,9956.0,2.0,5.5,2.0,-0.597972972972973,2.597972972972973
1,25700,VEV_4000,Mark 38,Mark 14,buy,1241.0,3,3723.0,1231.0,20.0,tight,early,1230.5,5230.5,9942.0,-0.5,-1.0,-8.0,1238.5,5238.5,9943.0,7.5,7.0,-7.0,1234.0,5234.5,9952.0,3.0,3.0,2.0,-0.015151515151515152,7.015151515151516
1,29300,VELVETFRUIT_EXTRACT,Mark 14,Mark 55,sell,5237.0,4,20948.0,5239.5,5.0,tight,early,5241.5,5241.5,9944.0,2.0,2.0,-2.0,5232.0,5232.0,9947.0,-7.5,-7.5,1.0,5234.5,5234.5,9949.5,-5.0,-5.0,3.5,-0.2033898305084746,-7.296610169491525
1,30800,HYDROGEL_PACK,Mark 14,Mark 38,sell,9940.0,2,19880.0,9948.0,16.0,tight,early,9947.0,5232.0,9947.0,-1.0,-2.5,-1.0,9956.0,5237.0,9956.0,8.0,2.5,8.0,9945.0,5231.5,9945.0,-3.0,-3.0,-3.0,-0.6013513513513513,3.1013513513513513
1,31400,HYDROGEL_PACK,Mark 38,Mark 14,buy,9953.0,3,29859.0,9945.0,16.0,tight,early,9945.5,5236.5,9945.5,0.5,5.0,0.5,9955.0,5238.5,9955.0,10.0,7.0,10.0,9944.0,5227.5,9944.0,-1.0,-4.0,-1.0,0.16906474820143885,6.830935251798561
1,31700,VELVETFRUIT_EXTRACT,Mark 55,Mark 01,buy,5237.0,4,20948.0,5234.5,5.0,tight,early,5236.0,5236.0,9947.0,1.5,1.5,0.0,5235.5,5235.5,9955.0,1.0,1.0,8.0,5228.0,5228.0,9942.0,-6.5,-6.5,-5.0,-1.5892857142857142,2.5892857142857144
1,32000,HYDROGEL_PACK,Mark 14,Mark 38,sell,9938.0,5,49690.0,9946.0,16.0,tight,early,9952.0,5237.5,9952.0,6.0,2.0,6.0,9951.0,5234.5,9951.0,5.0,-1.0,5.0,9951.0,5228.5,9951.0,5.0,-7.0,5.0,-0.5777027027027027,-0.42229729729729726
1,32600,VELVETFRUIT_EXTRACT,Mark 55,Mark 01,buy,5240.0,5,26200.0,5237.5,5.0,tight,early,5240.0,5240.0,9953.0,2.5,2.5,-1.0,5235.0,5235.0,9950.0,-2.5,-2.5,-4.0,5230.5,5230.5,9962.0,-7.0,-7.0,8.0,-1.4642857142857142,-1.0357142857142858
1,32800,VELVETFRUIT_EXTRACT,Mark 67,Mark 22,buy,5238.0,7,36666.0,5237.0,2.0,tight,early,5239.5,5239.5,9955.0,2.5,2.5,-1.0,5235.5,5235.5,9951.0,-1.5,-1.5,-5.0,5231.5,5231.5,9954.0,-5.5,-5.5,-2.0,2.074324324324324,-3.574324324324324
1,33600,HYDROGEL_PACK,Mark 14,Mark 38,sell,9948.0,6,59688.0,9956.0,16.0,tight,early,9950.0,5232.0,9950.0,-6.0,-4.5,-6.0,9954.0,5233.5,9954.0,-2.0,-3.0,-2.0,9962.5,5231.5,9962.5,6.5,-5.0,6.5,-0.5641891891891891,-2.435810810810811
1,36200,VEV_4000,Mark 38,Mark 14,buy,1244.0,3,3732.0,1233.5,21.0,tight,early,1233.0,5233.0,9944.0,-0.5,-0.5,-3.0,1232.0,5233.0,9948.0,-1.5,-0.5,1.0,1248.5,5248.5,9971.0,15.0,15.0,24.0,0.09848484848484848,-0.5984848484848485
1,36500,VELVETFRUIT_EXTRACT,Mark 22,Mark 55,sell,5232.0,7,36624.0,5233.5,3.0,tight,early,5230.5,5230.5,9947.0,-3.0,-3.0,-4.0,5231.5,5231.5,9944.0,-2.0,-2.0,-7.0,5246.5,5246.5,9974.0,13.0,13.0,23.0,0.6764705882352942,-2.6764705882352944
1,37400,HYDROGEL_PACK,Mark 14,Mark 38,sell,9936.0,4,39744.0,9944.0,16.0,tight,early,9951.0,5231.0,9951.0,7.0,-1.5,7.0,9943.0,5232.5,9943.0,-1.0,0.0,-1.0,9969.0,5246.0,9969.0,25.0,13.5,25.0,-0.5844594594594594,0.5844594594594594
1,38500,VEV_5500,Mark 01,Mark 22,sell,6.0,5,30.0,6.5,1.0,tight,early,6.5,5233.5,9950.0,0.0,2.0,6.0,6.5,5233.5,9942.0,0.0,2.0,-2.0,7.5,5244.5,9966.0,1.0,13.0,22.0,0.03409090909090909,1.9659090909090908
1,38500,VEV_6000,Mark 01,Mark 22,sell,0.0,5,0.0,0.5,1.0,tight,early,0.5,5233.5,9950.0,0.0,2.0,6.0,0.5,5233.5,9942.0,0.0,2.0,-2.0,0.5,5244.5,9966.0,0.0,13.0,22.0,0.08947368421052632,1.9105263157894736
1,38500,VEV_6500,Mark 01,Mark 22,sell,0.0,5,0.0,0.5,1.0,tight,early,0.5,5233.5,9950.0,0.0,2.0,6.0,0.5,5233.5,9942.0,0.0,2.0,-2.0,0.5,5244.5,9966.0,0.0,13.0,22.0,0.08947368421052632,1.9105263157894736
1,38700,VELVETFRUIT_EXTRACT,Mark 01,Mark 55,sell,5228.0,8,41824.0,5231.0,6.0,wide,early,5234.5,5234.5,9950.0,3.5,3.5,5.0,5232.0,5232.0,9944.0,1.0,1.0,-1.0,5245.5,5245.5,9967.0,14.5,14.5,22.0,-0.252,1.252
1,39400,VELVETFRUIT_EXTRACT,Mark 22,Mark 49,buy,5234.0,5,26170.0,5232.5,1.0,tight,early,5234.5,5234.5,9945.0,2.0,2.0,2.0,5227.5,5227.5,9944.0,-5.0,-5.0,1.0,5243.5,5243.5,9979.0,11.0,11.0,36.0,4.0,-9.0
1,39400,VELVETFRUIT_EXTRACT,Mark 67,Mark 49,buy,5233.0,9,47097.0,5232.5,1.0,tight,early,5234.5,5234.5,9945.0,2.0,2.0,2.0,5227.5,5227.5,9944.0,-5.0,-5.0,1.0,5243.5,5243.5,9979.0,11.0,11.0,36.0,1.7102272727272727,-6.7102272727272725
1,39800,VELVETFRUIT_EXTRACT,Mark 01,Mark 55,sell,5232.0,4,20928.0,5235.0,6.0,wide,early,5233.0,5233.0,9943.0,-2.0,-2.0,0.0,5229.5,5229.5,9946.0,-5.5,-5.5,3.0,5246.5,5246.5,9982.0,11.5,11.5,39.0,-0.2,-5.3
1,40400,VEV_5300,Mark 01,Mark 22,sell,41.0,4,164.0,42.0,2.0,tight,early,42.0,5233.5,9943.0,0.0,0.0,0.0,41.0,5231.5,9961.0,-1.0,-2.0,18.0,47.0,5246.5,9980.0,5.0,13.0,37.0,-1.0454545454545454,-0.9545454545454546
1,40400,VEV_5400,Mark 01,Mark 22,sell,14.0,4,56.0,14.5,1.0,tight,early,14.0,5233.5,9943.0,-0.5,0.0,0.0,14.0,5231.5,9961.0,-0.5,-2.0,18.0,16.5,5246.5,9980.0,2.0,13.0,37.0,0.32,-2.32
1,40400,VEV_5500,Mark 01,Mark 22,sell,6.0,4,24.0,6.5,1.0,tight,early,6.5,5233.5,9943.0,0.0,0.0,0.0,6.5,5231.5,9961.0,0.0,-2.0,18.0,7.5,5246.5,9980.0,1.0,13.0,37.0,0.07954545454545454,-2.0795454545454546
1,40400,VEV_6000,Mark 01,Mark 22,sell,0.0,4,0.0,0.5,1.0,tight,early,0.5,5233.5,9943.0,0.0,0.0,0.0,0.5,5231.5,9961.0,0.0,-2.0,18.0,0.5,5246.5,9980.0,0.0,13.0,37.0,0.13157894736842105,-2.1315789473684212
1,40400,VEV_6500,Mark 01,Mark 22,sell,0.0,4,0.0,0.5,1.0,tight,early,0.5,5233.5,9943.0,0.0,0.0,0.0,0.5,5231.5,9961.0,0.0,-2.0,18.0,0.5,5246.5,9980.0,0.0,13.0,37.0,0.13157894736842105,-2.1315789473684212
1,40900,HYDROGEL_PACK,Mark 38,Mark 14,buy,9951.0,5,49755.0,9943.0,16.0,tight,early,9944.0,5227.5,9944.0,1.0,-6.0,1.0,9953.0,5231.5,9953.0,10.0,-2.0,10.0,9979.0,5243.0,9979.0,36.0,9.5,36.0,0.23381294964028776,-2.2338129496402876
1,41300,HYDROGEL_PACK,Mark 38,Mark 14,buy,9953.0,5,49765.0,9945.0,16.0,tight,early,9946.0,5229.5,9946.0,1.0,2.0,1.0,9959.0,5231.0,9959.0,14.0,3.5,14.0,9976.0,5245.5,9976.0,31.0,18.0,31.0,0.19424460431654678,3.305755395683453
1,43400,VEV_5400,Mark 01,Mark 22,sell,13.0,5,65.0,14.0,2.0,wide,early,14.5,5234.5,9960.0,0.5,3.0,0.0,16.0,5240.0,9971.0,2.0,8.5,11.0,15.5,5242.5,9965.0,1.5,11.0,5.0,-0.024691358024691357,8.524691358024691
1,43400,VEV_5500,Mark 01,Mark 22,sell,6.0,5,30.0,6.5,1.0,tight,early,6.5,5234.5,9960.0,0.0,3.0,0.0,7.0,5240.0,9971.0,0.5,8.5,11.0,7.5,5242.5,9965.0,1.0,11.0,5.0,-0.03977272727272727,8.539772727272727
1,43400,VEV_6000,Mark 01,Mark 22,sell,0.0,5,0.0,0.5,1.0,tight,early,0.5,5234.5,9960.0,0.0,3.0,0.0,0.5,5240.0,9971.0,0.0,8.5,11.0,0.5,5242.5,9965.0,0.0,11.0,5.0,0.021052631578947368,8.478947368421053
1,43400,VEV_6500,Mark 01,Mark 22,sell,0.0,5,0.0,0.5,1.0,tight,early,0.5,5234.5,9960.0,0.0,3.0,0.0,0.5,5240.0,9971.0,0.0,8.5,11.0,0.5,5242.5,9965.0,0.0,11.0,5.0,0.021052631578947368,8.478947368421053
1,43600,VELVETFRUIT_EXTRACT,Mark 01,Mark 55,sell,5229.0,4,20916.0,5231.5,5.0,tight,early,5236.0,5236.0,9968.0,4.5,4.5,5.5,5242.0,5242.0,9971.0,10.5,10.5,8.5,5243.5,5243.5,9966.0,12.0,12.0,3.5,-0.5694444444444444,11.069444444444445
1,43900,HYDROGEL_PACK,Mark 14,Mark 38,sell,9952.0,6,59712.0,9960.0,16.0,tight,early,9967.0,5239.5,9967.0,7.0,5.0,7.0,9969.0,5247.5,9969.0,9.0,13.0,9.0,9966.0,5244.5,9966.0,6.0,10.0,6.0,-0.6722972972972973,13.672297297297296
1,45200,HYDROGEL_PACK,Mark 14,Mark 38,sell,9961.0,2,19922.0,9969.0,16.0,tight,early,9972.0,5244.5,9972.0,3.0,3.0,3.0,9973.0,5245.5,9973.0,4.0,4.0,4.0,9946.0,5245.5,9946.0,-23.0,4.0,-23.0,-0.6114864864864865,4.611486486486487
1,45400,VELVETFRUIT_EXTRACT,Mark 67,Mark 22,buy,5241.0,8,41928.0,5240.0,2.0,tight,early,5247.5,5247.5,9969.0,7.5,7.5,-2.0,5246.0,5246.0,9969.0,6.0,6.0,-2.0,5247.5,5247.5,9944.0,7.5,7.5,-27.0,1.972972972972973,4.027027027027027
1,47700,VELVETFRUIT_EXTRACT,Mark 01,Mark 55,sell,5243.0,4,20972.0,5244.0,2.0,tight,early,5244.5,5244.5,9969.0,0.5,0.5,-2.0,5245.5,5245.5,9985.0,1.5,1.5,14.0,5247.5,5247.5,9954.0,3.5,3.5,-17.0,-0.3194444444444444,1.8194444444444444
1,48300,HYDROGEL_PACK,Mark 14,Mark 38,sell,9960.0,3,29880.0,9967.5,15.0,tight,early,9966.0,5245.5,9966.0,-1.5,0.0,-1.5,9980.0,5246.0,9980.0,12.5,0.5,12.5,9954.0,5245.5,9954.0,-13.5,0.0,-13.5,-0.5878378378378378,1.0878378378378377
1,48900,VELVETFRUIT_EXTRACT,Mark 01,Mark 55,sell,5241.0,6,31446.0,5243.5,5.0,tight,early,5243.5,5243.5,9979.0,0.0,0.0,11.0,5243.0,5243.0,9979.0,-0.5,-0.5,11.0,5245.5,5245.5,9954.5,2.0,2.0,-13.5,-0.2638888888888889,-0.2361111111111111
1,49800,VELVETFRUIT_EXTRACT,Mark 01,Mark 55,sell,5244.0,3,15732.0,5246.5,5.0,tight,early,5246.0,5246.0,9980.0,-0.5,-0.5,-2.0,5247.5,5247.5,9972.0,1.0,1.0,-10.0,5247.0,5247.0,9955.0,0.5,0.5,-27.0,-0.3055555555555556,1.3055555555555556
1,50200,VEV_4000,Mark 14,Mark 38,sell,1236.0,2,2472.0,1246.5,21.0,tight,early,1239.0,5244.0,9976.0,-7.5,-2.5,-6.0,1246.5,5246.5,9969.0,0.0,0.0,-13.0,1247.5,5247.5,9955.5,1.0,1.0,-26.5,-0.06451612903225806,0.06451612903225806
1,50300,VEV_4000,Mark 38,Mark 14,buy,1257.0,3,3771.0,1246.5,21.0,tight,early,1243.5,5245.0,9975.0,-3.0,-1.0,-5.0,1247.5,5247.5,9971.0,1.0,1.5,-9.0,1247.5,5247.5,9953.0,1.0,1.5,-27.0,0.06818181818181818,1.4318181818181819
1,50700,VEV_5400,Mark 01,Mark 22,sell,16.0,5,80.0,16.5,1.0,tight,early,16.5,5245.5,9976.0,0.0,1.5,0.0,17.0,5246.0,9971.0,0.5,2.0,-5.0,16.5,5246.5,9956.0,0.0,2.5,-20.0,0.26666666666666666,1.7333333333333334
1,50700,VEV_5500,Mark 01,Mark 22,sell,7.0,5,35.0,7.5,1.0,tight,early,7.5,5245.5,9976.0,0.0,1.5,0.0,7.5,5246.0,9971.0,0.0,2.0,-5.0,7.5,5246.5,9956.0,0.0,2.5,-20.0,0.03409090909090909,1.9659090909090908
1,50700,VEV_6000,Mark 01,Mark 22,sell,0.0,5,0.0,0.5,1.0,tight,early,0.5,5245.5,9976.0,0.0,1.5,0.0,0.5,5246.0,9971.0,0.0,2.0,-5.0,0.5,5246.5,9956.0,0.0,2.5,-20.0,0.08947368421052632,1.9105263157894736
1,50700,VEV_6500,Mark 01,Mark 22,sell,0.0,5,0.0,0.5,1.0,tight,early,0.5,5245.5,9976.0,0.0,1.5,0.0,0.5,5246.0,9971.0,0.0,2.0,-5.0,0.5,5246.5,9956.0,0.0,2.5,-20.0,0.08947368421052632,1.9105263157894736
1,51700,VELVETFRUIT_EXTRACT,Mark 14,Mark 55,sell,5243.0,4,20972.0,5245.5,5.0,tight,early,5246.5,5246.5,9969.0,1.0,1.0,-3.0,5245.5,5245.5,9970.0,0.0,0.0,-2.0,5245.5,5245.5,9951.0,0.0,0.0,-21.0,-0.3305084745762712,0.3305084745762712
1,52400,HYDROGEL_PACK,Mark 14,Mark 38,sell,9961.0,5,49805.0,9969.0,16.0,tight,early,9969.0,5245.5,9969.0,0.0,0.0,0.0,9954.0,5244.5,9954.0,-15.0,-1.0,-15.0,9940.0,5242.5,9940.0,-29.0,-3.0,-29.0,-0.5777027027027027,-0.42229729729729726
1,52800,VEV_5400,Mark 01,Mark 22,sell,16.0,3,48.0,16.5,1.0,tight,early,16.5,5245.5,9967.0,0.0,-2.0,-4.0,16.5,5244.5,9950.0,0.0,-3.0,-21.0,16.0,5244.0,9943.0,-0.5,-3.5,-28.0,0.3333333333333333,-3.3333333333333335
1,52800,VEV_5500,Mark 01,Mark 22,sell,7.0,3,21.0,7.5,1.0,tight,early,7.5,5245.5,9967.0,0.0,-2.0,-4.0,7.5,5244.5,9950.0,0.0,-3.0,-21.0,7.5,5244.0,9943.0,0.0,-3.5,-28.0,0.09090909090909091,-3.090909090909091
1,52800,VEV_6000,Mark 01,Mark 22,sell,0.0,3,0.0,0.5,1.0,tight,early,0.5,5245.5,9967.0,0.0,-2.0,-4.0,0.5,5244.5,9950.0,0.0,-3.0,-21.0,0.5,5244.0,9943.0,0.0,-3.5,-28.0,0.14210526315789473,-3.1421052631578945
1,52800,VEV_6500,Mark 01,Mark 22,sell,0.0,3,0.0,0.5,1.0,tight,early,0.5,5245.5,9967.0,0.0,-2.0,-4.0,0.5,5244.5,9950.0,0.0,-3.0,-21.0,0.5,5244.0,9943.0,0.0,-3.5,-28.0,0.14210526315789473,-3.1421052631578945
1,53000,HYDROGEL_PACK,Mark 14,Mark 38,sell,9961.0,4,39844.0,9969.0,16.0,tight,early,9968.0,5245.5,9968.0,-1.0,0.0,-1.0,9947.5,5245.5,9947.5,-21.5,0.0,-21.5,9942.5,5242.5,9942.5,-26.5,-3.0,-26.5,-0.5844594594594594,0.5844594594594594
1,53400,VEV_5500,Mark 14,Mark 22,sell,7.0,2,14.0,7.5,1.0,tight,early,7.5,5244.5,9966.0,0.0,2.0,1.0,7.5,5247.5,9944.0,0.0,5.0,-21.0,7.5,5243.5,9937.0,0.0,1.0,-28.0,3.25,1.75
1,53400,VEV_6000,Mark 01,Mark 22,sell,0.0,2,0.0,0.5,1.0,tight,early,0.5,5244.5,9966.0,0.0,2.0,1.0,0.5,5247.5,9944.0,0.0,5.0,-21.0,0.5,5243.5,9937.0,0.0,1.0,-28.0,0.05789473684210526,4.942105263157894
1,53400,VEV_6500,Mark 01,Mark 22,sell,0.0,2,0.0,0.5,1.0,tight,early,0.5,5244.5,9966.0,0.0,2.0,1.0,0.5,5247.5,9944.0,0.0,5.0,-21.0,0.5,5243.5,9937.0,0.0,1.0,-28.0,0.05789473684210526,4.942105263157894
1,53800,VEV_4000,Mark 38,Mark 14,buy,1255.0,2,2510.0,1244.5,21.0,tight,early,1243.5,5243.5,9952.0,-1.0,1.0,-15.0,1245.5,5245.5,9947.0,1.0,3.0,-20.0,1242.5,5242.5,9938.0,-2.0,0.0,-29.0,0.045454545454545456,2.9545454545454546
1,54400,VEV_4000,Mark 14,Mark 38,sell,1234.0,3,3702.0,1244.5,21.0,tight,early,1243.5,5243.5,9948.0,-1.0,-1.0,-6.0,1245.5,5245.5,9953.0,1.0,1.0,-1.0,1244.5,5244.5,9940.5,0.0,0.0,-13.5,-0.08064516129032258,1.0806451612903225
1,57600,VEV_4000,Mark 38,Mark 14,buy,1257.0,3,3771.0,1246.5,21.0,tight,early,1248.5,5248.5,9955.0,2.0,2.0,1.0,1246.5,5246.5,9956.0,0.0,0.0,2.0,1246.5,5246.5,9954.0,0.0,0.0,0.0,0.09090909090909091,-0.09090909090909091
1,59300,HYDROGEL_PACK,Mark 14,Mark 38,sell,9949.0,4,39796.0,9957.0,16.0,tight,early,9955.0,5247.0,9955.0,-2.0,-0.5,-2.0,9952.0,5245.5,9952.0,-5.0,-2.0,-5.0,9957.5,5245.5,9957.5,0.5,-2.0,0.5,-0.5709459459459459,-1.429054054054054
1,59600,VELVETFRUIT_EXTRACT,Mark 14,Mark 55,sell,5244.0,4,20976.0,5246.5,5.0,tight,early,5246.5,5246.5,9956.0,0.0,0.0,0.0,5245.5,5245.5,9953.0,-1.0,-1.0,-3.0,5244.5,5244.5,9962.0,-2.0,-2.0,6.0,-0.3135593220338983,-0.6864406779661016
1,60300,VELVETFRUIT_EXTRACT,Mark 14,Mark 55,sell,5245.0,5,26225.0,5247.5,5.0,tight,early,5246.5,5246.5,9956.0,-1.0,-1.0,3.0,5243.5,5243.5,9942.0,-4.0,-4.0,-11.0,5242.5,5242.5,9956.0,-5.0,-5.0,3.0,-0.2627118644067797,-3.73728813559322
1,61100,HYDROGEL_PACK,Mark 38,Mark 14,buy,9961.0,2,19922.0,9953.0,16.0,tight,early,9953.0,5245.5,9953.0,0.0,0.0,0.0,9942.0,5242.0,9942.0,-11.0,-3.5,-11.0,9963.0,5241.5,9963.0,10.0,-4.0,10.0,0.2446043165467626,-3.7446043165467624
1,61400,HYDROGEL_PACK,Mark 38,Mark 14,buy,9962.0,2,19924.0,9954.0,16.0,tight,early,9948.0,5244.0,9948.0,-6.0,-2.5,-6.0,9937.0,5243.5,9937.0,-17.0,-3.0,-17.0,9961.0,5240.5,9961.0,7.0,-6.0,7.0,0.24100719424460432,-3.241007194244604
1,62100,VELVETFRUIT_EXTRACT,Mark 14,Mark 55,sell,5243.0,6,31458.0,5245.5,5.0,tight,early,5243.5,5243.5,9939.0,-2.0,-2.0,-6.0,5241.5,5241.5,9939.0,-4.0,-4.0,-6.0,5243.5,5243.5,9963.0,-2.0,-2.0,18.0,-0.2627118644067797,-3.73728813559322
1,62600,VEV_4000,Mark 38,Mark 14,buy,1254.0,1,1254.0,1243.5,21.0,tight,early,1242.0,5242.0,9942.0,-1.5,-1.5,3.0,1242.5,5242.5,9941.0,-1.0,-1.0,2.0,1238.5,5238.5,9963.0,-5.0,-5.0,24.0,0.10606060606060606,-1.106060606060606
1,63100,VEV_4000,Mark 38,Mark 14,buy,1252.0,3,3756.0,1242.0,20.0,tight,early,1245.5,5245.5,9937.0,3.5,3.5,-5.0,1244.5,5244.5,9938.0,2.5,2.5,-4.0,1238.5,5238.5,9968.0,-3.5,-3.5,26.0,0.05303030303030303,2.446969696969697
1,63200,HYDROGEL_PACK,Mark 38,Mark 14,buy,9950.0,5,49750.0,9942.0,16.0,tight,early,9937.0,5243.5,9937.0,-5.0,1.0,-5.0,9937.0,5244.5,9937.0,-5.0,2.0,-5.0,9971.0,5237.5,9971.0,29.0,-5.0,29.0,0.20503597122302158,1.7949640287769784
1,63200,VELVETFRUIT_EXTRACT,Mark 14,Mark 55,sell,5240.0,8,41920.0,5242.5,5.0,tight,early,5243.5,5243.5,9937.0,1.0,1.0,-5.0,5244.5,5244.5,9937.0,2.0,2.0,-5.0,5237.5,5237.5,9971.0,-5.0,-5.0,29.0,-0.3644067796610169,2.364406779661017
1,64200,VELVETFRUIT_EXTRACT,Mark 55,Mark 14,buy,5245.0,6,31470.0,5242.5,5.0,tight,early,5243.5,5243.5,9936.0,1.0,1.0,-4.0,5242.0,5242.0,9946.0,-0.5,-0.5,6.0,5237.0,5237.0,9982.0,-5.5,-5.5,42.0,0.6140350877192983,-1.1140350877192984
1,64300,HYDROGEL_PACK,Mark 14,Mark 38,sell,9933.0,4,39732.0,9941.0,16.0,tight,early,9937.0,5242.5,9937.0,-4.0,0.0,-4.0,9951.0,5241.5,9951.0,10.0,-1.0,10.0,9983.0,5235.5,9983.0,42.0,-7.0,42.0,-0.5777027027027027,-0.42229729729729726
1,65400,HYDROGEL_PACK,Mark 14,Mark 38,sell,9930.0,4,39720.0,9938.0,16.0,tight,early,9942.5,5242.5,9942.5,4.5,-1.0,4.5,9956.0,5248.5,9956.0,18.0,5.0,18.0,9983.0,5239.5,9983.0,45.0,-4.0,45.0,-0.6182432432432432,5.618243243243243
1,65700,VELVETFRUIT_EXTRACT,Mark 14,Mark 55,sell,5240.0,8,41920.0,5242.5,5.0,tight,early,5242.0,5242.0,9946.0,-0.5,-0.5,0.5,5248.5,5248.5,9956.0,6.0,6.0,10.5,5237.5,5237.5,9981.0,-5.0,-5.0,35.5,-0.4322033898305085,6.432203389830509
1,65900,HYDROGEL_PACK,Mark 14,Mark 38,sell,9935.0,2,19870.0,9942.5,15.0,tight,early,9948.5,5242.0,9948.5,6.0,-0.5,6.0,9958.0,5247.5,9958.0,15.5,5.0,15.5,9983.0,5238.0,9983.0,40.5,-4.5,40.5,-0.6182432432432432,5.618243243243243
1,67700,VELVETFRUIT_EXTRACT,Mark 55,Mark 14,buy,5250.0,4,21000.0,5248.5,3.0,tight,early,5246.5,5246.5,9958.0,-2.0,-2.0,2.0,5244.5,5244.5,9960.0,-4.0,-4.0,4.0,5237.5,5237.5,9993.0,-11.0,-11.0,37.0,0.6754385964912281,-4.675438596491228
1,68000,VEV_4000,Mark 38,Mark 14,buy,1258.0,2,2516.0,1247.5,21.0,tight,early,1246.5,5246.5,9959.0,-1.0,-1.0,-2.0,1243.5,5243.5,9957.0,-4.0,-4.0,-4.0,1238.5,5238.5,9995.0,-9.0,-9.0,34.0,0.15151515151515152,-4.151515151515151
1,69500,HYDROGEL_PACK,Mark 14,Mark 38,sell,9952.0,2,19904.0,9959.5,15.0,tight,early,9957.0,5243.5,9957.0,-2.5,0.0,-2.5,9965.0,5240.5,9965.0,5.5,-3.0,5.5,9983.0,5240.0,9983.0,23.5,-3.5,23.5,-0.5641891891891891,-2.435810810810811
1,70500,VEV_4000,Mark 14,Mark 38,sell,1232.0,1,1232.0,1242.0,20.0,tight,early,1241.5,5241.5,9960.0,-0.5,-0.5,5.0,1239.0,5239.0,9967.0,-3.0,-3.0,12.0,1237.5,5237.5,9981.0,-4.5,-4.5,26.0,-0.016129032258064516,-2.9838709677419355
1,73400,VELVETFRUIT_EXTRACT,Mark 22,Mark 49,buy,5237.0,8,41896.0,5235.5,1.0,tight,early,5235.5,5235.5,9980.0,0.0,0.0,8.5,5239.5,5239.5,9983.0,4.0,4.0,11.5,5235.5,5235.5,9979.0,0.0,0.0,7.5,2.5,1.5
1,73400,VELVETFRUIT_EXTRACT,Mark 55,Mark 49,buy,5236.0,6,31416.0,5235.5,1.0,tight,early,5235.5,5235.5,9980.0,0.0,0.0,8.5,5239.5,5239.5,9983.0,4.0,4.0,11.5,5235.5,5235.5,9979.0,0.0,0.0,7.5,2.5,1.5
1,73500,HYDROGEL_PACK,Mark 14,Mark 38,sell,9966.0,3,29898.0,9974.0,16.0,tight,early,9980.0,5236.5,9980.0,6.0,0.0,6.0,9980.0,5238.0,9980.0,6.0,1.5,6.0,9975.0,5235.5,9975.0,1.0,-1.0,1.0,-0.5945945945945946,2.0945945945945947
1,74100,VEV_5300,Mark 01,Mark 22,sell,42.0,3,126.0,43.0,2.0,tight,early,44.0,5239.5,9982.0,1.0,4.0,3.0,44.0,5238.5,9985.0,1.0,3.0,6.0,41.0,5231.5,9971.0,-2.0,-4.0,-8.0,-1.196969696969697,4.196969696969697
1,74100,VEV_5400,Mark 01,Mark 22,sell,14.0,3,42.0,14.5,1.0,tight,early,15.5,5239.5,9982.0,1.0,4.0,3.0,15.5,5238.5,9985.0,1.0,3.0,6.0,14.0,5231.5,9971.0,-0.5,-4.0,-8.0,0.25333333333333335,2.7466666666666666
1,74100,VEV_5500,Mark 01,Mark 22,sell,6.0,3,18.0,6.5,1.0,tight,early,6.5,5239.5,9982.0,0.0,4.0,3.0,6.5,5238.5,9985.0,0.0,3.0,6.0,6.5,5231.5,9971.0,0.0,-4.0,-8.0,0.022727272727272728,2.977272727272727
1,74100,VEV_6000,Mark 01,Mark 22,sell,0.0,3,0.0,0.5,1.0,tight,early,0.5,5239.5,9982.0,0.0,4.0,3.0,0.5,5238.5,9985.0,0.0,3.0,6.0,0.5,5231.5,9971.0,0.0,-4.0,-8.0,0.07894736842105263,2.9210526315789473
1,74100,VEV_6500,Mark 01,Mark 22,sell,0.0,3,0.0,0.5,1.0,tight,early,0.5,5239.5,9982.0,0.0,4.0,3.0,0.5,5238.5,9985.0,0.0,3.0,6.0,0.5,5231.5,9971.0,0.0,-4.0,-8.0,0.07894736842105263,2.9210526315789473
1,74300,VELVETFRUIT_EXTRACT,Mark 55,Mark 14,buy,5238.0,6,31428.0,5235.5,5.0,tight,early,5240.0,5240.0,9981.0,4.5,4.5,-2.0,5239.5,5239.5,9986.0,4.0,4.0,3.0,5232.5,5232.5,9973.0,-3.0,-3.0,-10.0,0.5350877192982456,3.4649122807017543
1,74400,VELVETFRUIT_EXTRACT,Mark 14,Mark 55,sell,5235.0,4,20940.0,5237.5,5.0,tight,early,5239.5,5239.5,9980.0,2.0,2.0,-2.0,5237.5,5237.5,9985.0,0.0,0.0,3.0,5232.5,5232.5,9970.0,-5.0,-5.0,-12.0,-0.3305084745762712,0.3305084745762712
1,76600,HYDROGEL_PACK,Mark 38,Mark 14,buy,9995.0,3,29985.0,9987.0,16.0,tight,early,9991.0,5237.5,9991.0,4.0,0.0,4.0,9990.0,5238.5,9990.0,3.0,1.0,3.0,9964.0,5236.5,9964.0,-23.0,-1.0,-23.0,0.21223021582733814,0.7877697841726619
1,77300,VELVETFRUIT_EXTRACT,Mark 55,Mark 14,buy,5241.0,8,41928.0,5238.5,5.0,tight,early,5236.5,5236.5,9995.0,-2.0,-2.0,3.0,5239.5,5239.5,9988.0,1.0,1.0,-4.0,5239.5,5239.5,9965.0,1.0,1.0,-27.0,0.5877192982456141,0.4122807017543859
1,78300,VEV_4000,Mark 14,Mark 38,sell,1229.0,3,3687.0,1239.5,21.0,tight,early,1239.5,5239.5,9990.0,0.0,0.0,-3.0,1237.5,5237.5,9980.0,-2.0,-2.0,-13.0,1240.5,5240.5,9964.0,1.0,1.0,-29.0,-0.03225806451612903,-1.967741935483871
1,78400,VELVETFRUIT_EXTRACT,Mark 67,Mark 22,buy,5238.0,7,36666.0,5237.0,2.0,tight,early,5237.5,5237.5,9991.0,0.5,0.5,0.0,5237.5,5237.5,9978.0,0.5,0.5,-13.0,5242.5,5242.5,9962.0,5.5,5.5,-29.0,2.0472972972972974,-1.5472972972972974
1,78500,HYDROGEL_PACK,Mark 38,Mark 14,buy,10000.0,4,40000.0,9992.0,16.0,tight,early,9989.5,5239.0,9989.5,-2.5,-2.0,-2.5,9981.0,5237.5,9981.0,-11.0,-3.5,-11.0,9960.0,5241.0,9960.0,-32.0,0.0,-32.0,0.2446043165467626,-3.7446043165467624
1,79000,HYDROGEL_PACK,Mark 14,Mark 38,sell,9982.0,3,29946.0,9989.5,15.0,tight,early,9983.0,5240.0,9983.0,-6.5,1.0,-6.5,9982.0,5236.5,9982.0,-7.5,-2.5,-7.5,9967.0,5243.0,9967.0,-22.5,4.0,-22.5,-0.5675675675675675,-1.9324324324324325
1,79800,HYDROGEL_PACK,Mark 38,Mark 14,buy,9994.0,6,59964.0,9986.0,16.0,tight,early,9980.0,5237.5,9980.0,-6.0,-2.0,-6.0,9970.0,5237.5,9970.0,-16.0,-2.0,-16.0,9965.0,5243.5,9965.0,-21.0,4.0,-21.0,0.23381294964028776,-2.2338129496402876
1,81300,HYDROGEL_PACK,Mark 14,Mark 38,sell,9970.0,6,59820.0,9978.0,16.0,tight,early,9970.0,5237.5,9970.0,-8.0,0.0,-8.0,9975.0,5234.0,9975.0,-3.0,-3.5,-3.0,9958.0,5241.5,9958.0,-20.0,4.0,-20.0,-0.5608108108108109,-2.939189189189189
1,81700,HYDROGEL_PACK,Mark 38,Mark 14,buy,9980.0,3,29940.0,9972.0,16.0,tight,early,9969.0,5237.5,9969.0,-3.0,0.5,-3.0,9973.0,5235.0,9973.0,1.0,-2.0,1.0,9958.0,5240.5,9958.0,-14.0,3.5,-14.0,0.23381294964028776,-2.2338129496402876
1,81900,HYDROGEL_PACK,Mark 38,Mark 14,buy,9978.0,2,19956.0,9970.0,16.0,tight,early,9971.0,5238.5,9971.0,1.0,0.5,1.0,9972.0,5234.5,9972.0,2.0,-3.5,2.0,9959.0,5240.5,9959.0,-11.0,2.5,-11.0,0.2446043165467626,-3.7446043165467624
1,82300,HYDROGEL_PACK,Mark 38,Mark 14,buy,9977.0,3,29931.0,9969.0,16.0,tight,early,9971.0,5235.5,9971.0,2.0,-2.0,2.0,9973.0,5232.5,9973.0,4.0,-5.0,4.0,9964.0,5242.5,9964.0,-5.0,5.0,-5.0,0.25539568345323743,-5.255395683453237
1,82300,VELVETFRUIT_EXTRACT,Mark 01,Mark 55,sell,5235.0,3,15705.0,5237.5,5.0,tight,early,5235.5,5235.5,9971.0,-2.0,-2.0,2.0,5232.5,5232.5,9973.0,-5.0,-5.0,4.0,5242.5,5242.5,9964.0,5.0,5.0,-5.0,-0.1388888888888889,-4.861111111111111
1,83200,VELVETFRUIT_EXTRACT,Mark 55,Mark 01,buy,5237.0,7,36659.0,5234.0,6.0,wide,early,5235.0,5235.0,9973.0,1.0,1.0,1.0,5234.5,5234.5,9968.0,0.5,0.5,-4.0,5244.5,5244.5,9964.0,10.5,10.5,-8.0,0.658273381294964,-0.15827338129496404
1,84300,VEV_4000,Mark 38,Mark 14,buy,1243.0,1,1243.0,1232.5,21.0,tight,early,1234.5,5234.5,9968.5,2.0,2.0,-4.5,1237.5,5237.5,9965.0,5.0,5.0,-8.0,1243.5,5243.5,9965.0,11.0,11.0,-8.0,0.015151515151515152,4.984848484848484
1,84600,VELVETFRUIT_EXTRACT,Mark 67,Mark 22,buy,5233.0,8,41864.0,5232.0,2.0,tight,early,5236.5,5236.5,9970.0,4.5,4.5,-1.0,5236.5,5236.5,9964.0,4.5,4.5,-7.0,5244.5,5244.5,9965.0,12.5,12.5,-6.0,1.9932432432432432,2.506756756756757
1,85300,VEV_5300,Mark 14,Mark 22,sell,42.0,2,84.0,43.0,2.0,tight,early,43.0,5235.5,9969.0,0.0,0.5,1.5,44.0,5239.5,9965.0,1.0,4.5,-2.5,46.0,5243.5,9964.0,3.0,8.5,-3.5,1.4230769230769231,3.0769230769230766
1,85300,VEV_5400,Mark 01,Mark 22,sell,14.0,2,28.0,14.5,1.0,tight,early,14.5,5235.5,9969.0,0.0,0.5,1.5,15.5,5239.5,9965.0,1.0,4.5,-2.5,16.0,5243.5,9964.0,1.5,8.5,-3.5,0.23333333333333334,4.266666666666667
1,85300,VEV_5500,Mark 01,Mark 22,sell,6.0,2,12.0,6.5,1.0,tight,early,6.5,5235.5,9969.0,0.0,0.5,1.5,6.5,5239.5,9965.0,0.0,4.5,-2.5,7.0,5243.5,9964.0,0.5,8.5,-3.5,0.005681818181818182,4.494318181818182
1,85300,VEV_6000,Mark 01,Mark 22,sell,0.0,2,0.0,0.5,1.0,tight,early,0.5,5235.5,9969.0,0.0,0.5,1.5,0.5,5239.5,9965.0,0.0,4.5,-2.5,0.5,5243.5,9964.0,0.0,8.5,-3.5,0.06315789473684211,4.436842105263158
1,85300,VEV_6500,Mark 01,Mark 22,sell,0.0,2,0.0,0.5,1.0,tight,early,0.5,5235.5,9969.0,0.0,0.5,1.5,0.5,5239.5,9965.0,0.0,4.5,-2.5,0.5,5243.5,9964.0,0.0,8.5,-3.5,0.06315789473684211,4.436842105263158
1,86100,VEV_5400,Mark 01,Mark 22,sell,14.0,5,70.0,15.0,2.0,wide,early,14.5,5236.5,9964.0,-0.5,-0.5,0.0,15.5,5240.5,9973.0,0.5,3.5,9.0,15.5,5241.5,9963.0,0.5,4.5,-1.0,0.037037037037037035,3.462962962962963
1,86100,VEV_5500,Mark 01,Mark 22,sell,6.0,5,30.0,6.5,1.0,tight,early,6.5,5236.5,9964.0,0.0,-0.5,0.0,6.5,5240.5,9973.0,0.0,3.5,9.0,6.5,5241.5,9963.0,0.0,4.5,-1.0,0.017045454545454544,3.4829545454545454
1,86100,VEV_6000,Mark 01,Mark 22,sell,0.0,5,0.0,0.5,1.0,tight,early,0.5,5236.5,9964.0,0.0,-0.5,0.0,0.5,5240.5,9973.0,0.0,3.5,9.0,0.5,5241.5,9963.0,0.0,4.5,-1.0,0.07368421052631578,3.4263157894736844
1,86100,VEV_6500,Mark 01,Mark 22,sell,0.0,5,0.0,0.5,1.0,tight,early,0.5,5236.5,9964.0,0.0,-0.5,0.0,0.5,5240.5,9973.0,0.0,3.5,9.0,0.5,5241.5,9963.0,0.0,4.5,-1.0,0.07368421052631578,3.4263157894736844
1,87900,VELVETFRUIT_EXTRACT,Mark 14,Mark 55,sell,5239.0,3,15717.0,5241.5,5.0,tight,early,5242.5,5242.5,9962.0,1.0,1.0,-10.0,5243.0,5243.0,9963.0,1.5,1.5,-9.0,5242.5,5242.5,9952.0,1.0,1.0,-20.0,-0.3559322033898305,1.8559322033898304
1,88500,VELVETFRUIT_EXTRACT,Mark 67,Mark 22,buy,5242.0,6,31452.0,5241.0,2.0,tight,early,5243.0,5243.0,9967.0,2.0,2.0,7.0,5244.5,5244.5,9958.0,3.5,3.5,-2.0,5245.5,5245.5,9952.0,4.5,4.5,-8.0,2.0067567567567566,1.4932432432432434
1,89300,VEV_4000,Mark 14,Mark 38,sell,1232.0,3,3696.0,1242.5,21.0,tight,early,1238.0,5243.5,9965.0,-4.5,1.0,-5.5,1241.5,5241.5,9958.0,-1.0,-1.0,-12.5,1245.5,5244.0,9953.0,3.0,1.5,-17.5,-0.04838709677419355,-0.9516129032258065
1,89800,VEV_5300,Mark 01,Mark 22,sell,45.0,4,180.0,46.0,2.0,tight,early,46.0,5243.5,9962.0,0.0,0.0,-3.0,45.0,5241.5,9957.0,-1.0,-2.0,-8.0,47.0,5247.5,9945.0,1.0,4.0,-20.0,-1.0454545454545454,-0.9545454545454546
1,89800,VEV_5400,Mark 01,Mark 22,sell,15.0,4,60.0,16.0,2.0,wide,early,16.0,5243.5,9962.0,0.0,0.0,-3.0,15.5,5241.5,9957.0,-0.5,-2.0,-8.0,17.0,5247.5,9945.0,1.0,4.0,-20.0,0.10493827160493827,-2.1049382716049383
1,89800,VEV_6000,Mark 01,Mark 22,sell,0.0,4,0.0,0.5,1.0,tight,early,0.5,5243.5,9962.0,0.0,0.0,-3.0,0.5,5241.5,9957.0,0.0,-2.0,-8.0,0.5,5247.5,9945.0,0.0,4.0,-20.0,0.13157894736842105,-2.1315789473684212
1,89800,VEV_6500,Mark 01,Mark 22,sell,0.0,4,0.0,0.5,1.0,tight,early,0.5,5243.5,9962.0,0.0,0.0,-3.0,0.5,5241.5,9957.0,0.0,-2.0,-8.0,0.5,5247.5,9945.0,0.0,4.0,-20.0,0.13157894736842105,-2.1315789473684212
1,91100,VELVETFRUIT_EXTRACT,Mark 55,Mark 14,buy,5244.0,6,31464.0,5241.5,5.0,tight,early,5241.5,5241.5,9959.0,0.0,0.0,3.0,5244.0,5244.0,9965.0,2.5,2.5,9.0,5248.5,5248.5,9940.0,7.0,7.0,-16.0,0.5614035087719298,1.9385964912280702
1,92000,VELVETFRUIT_EXTRACT,Mark 55,Mark 14,buy,5243.0,8,41944.0,5240.5,5.0,tight,early,5243.5,5243.5,9964.0,3.0,3.0,3.0,5245.5,5245.5,9969.0,5.0,5.0,8.0,5244.0,5244.0,9951.0,3.5,3.5,-10.0,0.5175438596491229,4.482456140350877
1,92100,HYDROGEL_PACK,Mark 14,Mark 38,sell,9955.0,4,39820.0,9963.0,16.0,tight,early,9966.0,5243.5,9966.0,3.0,3.0,3.0,9970.0,5246.5,9970.0,7.0,6.0,7.0,9952.0,5244.5,9952.0,-11.0,4.0,-11.0,-0.625,6.625
1,92500,HYDROGEL_PACK,Mark 14,Mark 38,sell,9956.0,2,19912.0,9964.0,16.0,tight,early,9963.0,5244.0,9963.0,-1.0,0.5,-1.0,9964.0,5243.5,9964.0,0.0,0.0,0.0,9949.5,5245.5,9949.5,-14.5,2.0,-14.5,-0.5844594594594594,0.5844594594594594
1,93700,VELVETFRUIT_EXTRACT,Mark 55,Mark 01,buy,5246.0,6,31476.0,5243.5,5.0,tight,early,5245.5,5245.5,9967.0,2.0,2.0,-3.0,5241.5,5241.5,9961.0,-2.0,-2.0,-9.0,5246.5,5246.5,9953.0,3.0,3.0,-17.0,-1.4821428571428572,-0.5178571428571428
1,93800,VELVETFRUIT_EXTRACT,Mark 55,Mark 01,buy,5246.0,7,36722.0,5243.5,5.0,tight,early,5243.5,5243.5,9965.0,0.0,0.0,-4.0,5241.5,5241.5,9962.0,-2.0,-2.0,-7.0,5247.5,5247.5,9954.0,4.0,4.0,-15.0,-1.4821428571428572,-0.5178571428571428
1,94400,HYDROGEL_PACK,Mark 38,Mark 14,buy,9974.0,4,39896.0,9966.0,16.0,tight,early,9966.0,5243.0,9966.0,0.0,-0.5,0.0,9964.0,5243.5,9964.0,-2.0,0.0,-2.0,9954.0,5249.5,9954.0,-12.0,6.0,-12.0,0.21942446043165467,-0.21942446043165467
1,97100,HYDROGEL_PACK,Mark 14,Mark 38,sell,9950.0,2,19900.0,9958.0,16.0,tight,early,9959.0,5244.5,9959.0,1.0,2.0,1.0,9952.0,5245.5,9952.0,-6.0,3.0,-6.0,9960.0,5260.0,9960.0,2.0,17.5,2.0,-0.6047297297297297,3.60472972972973
1,98600,HYDROGEL_PACK,Mark 38,Mark 14,buy,9962.0,2,19924.0,9954.0,16.0,tight,early,9952.0,5245.5,9952.0,-2.0,-1.0,-2.0,9952.5,5246.0,9952.5,-1.5,-0.5,-1.5,9964.0,5264.5,9964.0,10.0,18.0,10.0,0.22302158273381295,-0.7230215827338129
1,99000,HYDROGEL_PACK,Mark 38,Mark 14,buy,9961.0,3,29883.0,9953.0,16.0,tight,early,9951.5,5246.5,9951.5,-1.5,0.5,-1.5,9944.0,5248.0,9944.0,-9.0,2.0,-9.0,9964.0,5264.5,9964.0,11.0,18.5,11.0,0.20503597122302158,1.7949640287769784
1,100500,VELVETFRUIT_EXTRACT,Mark 55,Mark 14,buy,5248.0,4,20992.0,5245.5,5.0,tight,early,5248.0,5248.0,9944.0,2.5,2.5,-9.0,5245.5,5245.5,9949.5,0.0,0.0,-3.5,5267.5,5267.5,9957.0,22.0,22.0,4.0,0.6052631578947368,-0.6052631578947368
1,101400,HYDROGEL_PACK,Mark 14,Mark 38,sell,9936.0,5,49680.0,9944.0,16.0,tight,early,9951.0,5245.0,9951.0,7.0,-5.5,7.0,9948.0,5245.5,9948.0,4.0,-5.0,4.0,9957.0,5266.5,9957.0,13.0,16.0,13.0,-0.5506756756756757,-4.449324324324325
1,101500,HYDROGEL_PACK,Mark 14,Mark 38,sell,9935.0,6,59610.0,9943.0,16.0,tight,early,9951.0,5244.0,9951.0,8.0,-5.5,8.0,9948.0,5246.5,9948.0,5.0,-3.0,5.0,9957.0,5264.5,9957.0,14.0,15.0,14.0,-0.5641891891891891,-2.435810810810811
1,102500,VEV_4000,Mark 14,Mark 38,sell,1235.0,1,1235.0,1245.5,21.0,tight,early,1247.5,5247.5,9945.0,2.0,2.0,-4.5,1249.5,5249.5,9952.0,4.0,4.0,2.5,1263.0,5264.5,9957.0,17.5,19.0,7.5,-0.12903225806451613,4.129032258064516
1,102800,VEV_4000,Mark 14,Mark 38,sell,1236.0,1,1236.0,1246.5,21.0,tight,early,1246.5,5246.5,9948.0,0.0,-0.5,0.0,1249.5,5249.5,9949.0,3.0,2.5,1.0,1261.5,5261.0,9952.0,15.0,14.0,4.0,-0.10483870967741936,2.6048387096774195
1,103100,HYDROGEL_PACK,Mark 38,Mark 14,buy,9952.0,4,39808.0,9944.0,16.0,tight,early,9951.0,5245.5,9951.0,7.0,0.0,7.0,9950.0,5253.5,9950.0,6.0,8.0,6.0,9950.0,5260.5,9950.0,6.0,15.0,6.0,0.1618705035971223,7.838129496402877
1,103500,HYDROGEL_PACK,Mark 14,Mark 38,sell,9940.0,3,29820.0,9948.0,16.0,tight,early,9953.0,5247.5,9953.0,5.0,1.0,5.0,9945.5,5256.5,9945.5,-2.5,10.0,-2.5,9947.0,5261.5,9947.0,-1.0,15.0,-1.0,-0.652027027027027,10.652027027027026
1,104400,VELVETFRUIT_EXTRACT,Mark 55,Mark 14,buy,5252.0,6,31512.0,5249.5,5.0,tight,early,5250.5,5250.5,9950.0,1.0,1.0,-4.0,5259.0,5259.0,9958.0,9.5,9.5,4.0,5265.5,5265.5,9948.0,16.0,16.0,-6.0,0.43859649122807015,9.06140350877193
1,107100,HYDROGEL_PACK,Mark 14,Mark 38,sell,9952.0,5,49760.0,9960.0,16.0,tight,early,9960.0,5261.5,9960.0,0.0,1.5,0.0,9965.0,5266.5,9965.0,5.0,6.5,5.0,9959.0,5255.0,9959.0,-1.0,-5.0,-1.0,-0.6283783783783784,7.128378378378378
1,107900,VELVETFRUIT_EXTRACT,Mark 55,Mark 01,buy,5267.0,3,15801.0,5264.0,6.0,wide,early,5264.0,5264.0,9964.0,0.0,0.0,7.0,5270.5,5270.5,9962.0,6.5,6.5,5.0,5257.5,5257.5,9962.0,-6.5,-6.5,5.0,0.6151079136690647,5.884892086330935
1,109000,VELVETFRUIT_EXTRACT,Mark 67,Mark 49,buy,5265.0,12,63180.0,5264.5,1.0,tight,early,5268.5,5268.5,9965.0,4.0,4.0,1.0,5264.5,5264.5,9955.0,0.0,0.0,-9.0,5257.5,5257.5,9950.0,-7.0,-7.0,-14.0,1.6534090909090908,-1.6534090909090908
1,109100,HYDROGEL_PACK,Mark 14,Mark 38,sell,9957.0,2,19914.0,9965.0,16.0,tight,early,9966.0,5270.5,9966.0,1.0,4.0,1.0,9959.0,5264.5,9959.0,-6.0,-2.0,-6.0,9952.0,5257.5,9952.0,-13.0,-9.0,-13.0,-0.5709459459459459,-1.429054054054054
1,110100,VELVETFRUIT_EXTRACT,Mark 01,Mark 55,sell,5265.0,4,21060.0,5267.5,5.0,tight,early,5266.5,5266.5,9955.0,-1.0,-1.0,-5.0,5263.5,5263.5,9957.0,-4.0,-4.0,-3.0,5258.5,5258.5,9951.0,-9.0,-9.0,-9.0,-0.16666666666666666,-3.8333333333333335
1,112000,VELVETFRUIT_EXTRACT,Mark 14,Mark 55,sell,5260.0,3,15780.0,5262.5,5.0,tight,early,5264.5,5264.5,9957.0,2.0,2.0,1.0,5264.5,5264.5,9947.0,2.0,2.0,-9.0,5263.5,5263.5,9951.5,1.0,1.0,-4.5,-0.3644067796610169,2.364406779661017
1,112700,HYDROGEL_PACK,Mark 14,Mark 38,sell,9948.0,2,19896.0,9956.0,16.0,tight,early,9950.0,5260.0,9950.0,-6.0,-1.5,-6.0,9945.0,5263.5,9945.0,-11.0,2.0,-11.0,9947.0,5262.5,9947.0,-9.0,1.0,-9.0,-0.597972972972973,2.597972972972973
1,113900,HYDROGEL_PACK,Mark 38,Mark 14,buy,9956.0,2,19912.0,9948.0,16.0,tight,early,9948.0,5265.5,9948.0,0.0,4.5,0.0,9947.0,5258.0,9947.0,-1.0,-3.0,-1.0,9942.0,5264.5,9942.0,-6.0,3.5,-6.0,0.24100719424460432,-3.241007194244604
1,115500,HYDROGEL_PACK,Mark 14,Mark 38,sell,9937.0,3,29811.0,9945.0,16.0,tight,early,9949.0,5255.0,9949.0,4.0,-4.5,4.0,9969.0,5256.5,9969.0,24.0,-3.0,24.0,9946.0,5263.0,9946.0,1.0,3.5,1.0,-0.5641891891891891,-2.435810810810811
1,118800,VELVETFRUIT_EXTRACT,Mark 14,Mark 55,sell,5257.0,3,15771.0,5259.5,5.0,tight,early,5258.0,5258.0,9952.0,-1.5,-1.5,4.0,5260.5,5260.5,9949.0,1.0,1.0,1.0,5264.5,5264.5,9963.0,5.0,5.0,15.0,-0.3474576271186441,1.347457627118644
1,119400,HYDROGEL_PACK,Mark 38,Mark 14,buy,9962.0,3,29886.0,9954.0,16.0,tight,early,9957.0,5258.5,9957.0,3.0,0.0,3.0,9953.5,5263.5,9953.5,-0.5,5.0,-0.5,9959.0,5263.5,9959.0,5.0,5.0,5.0,0.18345323741007194,4.816546762589928
1,120300,VEV_5400,Mark 01,Mark 22,sell,18.0,4,72.0,18.5,1.0,tight,early,19.5,5260.5,9949.0,1.0,3.0,-3.0,20.0,5264.0,9951.0,1.5,6.5,-1.0,19.5,5262.0,9958.5,1.0,4.5,6.5,0.20666666666666667,6.293333333333333
1,120300,VEV_5500,Mark 01,Mark 22,sell,8.0,4,32.0,8.5,1.0,tight,early,8.5,5260.5,9949.0,0.0,3.0,-3.0,8.5,5264.0,9951.0,0.0,6.5,-1.0,8.5,5262.0,9958.5,0.0,4.5,6.5,-0.017045454545454544,6.517045454545454
1,120300,VEV_6000,Mark 01,Mark 22,sell,0.0,4,0.0,0.5,1.0,tight,early,0.5,5260.5,9949.0,0.0,3.0,-3.0,0.5,5264.0,9951.0,0.0,6.5,-1.0,0.5,5262.0,9958.5,0.0,4.5,6.5,0.042105263157894736,6.457894736842105
1,120300,VEV_6500,Mark 01,Mark 22,sell,0.0,4,0.0,0.5,1.0,tight,early,0.5,5260.5,9949.0,0.0,3.0,-3.0,0.5,5264.0,9951.0,0.0,6.5,-1.0,0.5,5262.0,9958.5,0.0,4.5,6.5,0.042105263157894736,6.457894736842105
1,120700,HYDROGEL_PACK,Mark 38,Mark 14,buy,9958.0,2,19916.0,9950.0,16.0,tight,early,9954.0,5262.5,9954.0,4.0,0.0,4.0,9947.0,5262.5,9947.0,-3.0,0.0,-3.0,9955.5,5263.0,9955.5,5.5,0.5,5.5,0.21942446043165467,-0.21942446043165467
1,123300,VELVETFRUIT_EXTRACT,Mark 01,Mark 55,sell,5262.0,7,36834.0,5264.5,5.0,tight,early,5264.5,5264.5,9947.0,0.0,0.0,-3.0,5263.5,5263.5,9944.0,-1.0,-1.0,-6.0,5264.0,5264.0,9958.0,-0.5,-0.5,8.0,-0.25,-0.75
1,125600,VELVETFRUIT_EXTRACT,Mark 55,Mark 14,buy,5265.0,3,15795.0,5262.5,5.0,tight,early,5263.5,5263.5,9946.0,1.0,1.0,-2.0,5266.5,5266.5,9955.0,4.0,4.0,7.0,5260.5,5260.5,9958.0,-2.0,-2.0,10.0,0.5350877192982456,3.4649122807017543
1,126000,HYDROGEL_PACK,Mark 38,Mark 14,buy,9953.0,4,39812.0,9945.0,16.0,tight,early,9946.0,5266.5,9946.0,1.0,3.5,1.0,9955.0,5265.5,9955.0,10.0,2.5,10.0,9953.0,5262.5,9953.0,8.0,-0.5,8.0,0.2014388489208633,2.2985611510791366
1,127200,VEV_5500,Mark 01,Mark 22,sell,8.0,3,24.0,8.5,1.0,tight,early,9.0,5266.5,9955.0,0.5,2.5,2.0,8.5,5264.5,9960.0,0.0,0.5,7.0,8.5,5260.0,9958.0,0.0,-4.0,5.0,0.05113636363636364,0.44886363636363635
1,127200,VEV_6000,Mark 01,Mark 22,sell,0.0,3,0.0,0.5,1.0,tight,early,0.5,5266.5,9955.0,0.0,2.5,2.0,0.5,5264.5,9960.0,0.0,0.5,7.0,0.5,5260.0,9958.0,0.0,-4.0,5.0,0.10526315789473684,0.39473684210526316
1,127200,VEV_6500,Mark 01,Mark 22,sell,0.0,3,0.0,0.5,1.0,tight,early,0.5,5266.5,9955.0,0.0,2.5,2.0,0.5,5264.5,9960.0,0.0,0.5,7.0,0.5,5260.0,9958.0,0.0,-4.0,5.0,0.10526315789473684,0.39473684210526316
1,129100,VEV_4000,Mark 38,Mark 14,buy,1275.0,3,3825.0,1264.0,22.0,wide,early,1264.0,5264.0,9957.0,0.0,0.0,-2.0,1265.5,5266.5,9950.0,1.5,2.5,-9.0,1257.5,5257.5,9963.0,-6.5,-6.5,4.0,0.27450980392156865,2.2254901960784315
1,129500,HYDROGEL_PACK,Mark 38,Mark 14,buy,9967.0,6,59802.0,9959.0,16.0,tight,early,9957.0,5261.5,9957.0,-2.0,-1.0,-2.0,9951.0,5264.5,9951.0,-8.0,2.0,-8.0,9964.0,5257.0,9964.0,5.0,-5.5,5.0,0.20503597122302158,1.7949640287769784
1,129800,HYDROGEL_PACK,Mark 14,Mark 38,sell,9951.0,4,39804.0,9959.0,16.0,tight,early,9958.5,5262.0,9958.5,-0.5,-2.5,-0.5,9951.0,5264.0,9951.0,-8.0,-0.5,-8.0,9968.0,5258.5,9968.0,9.0,-6.0,9.0,-0.581081081081081,0.08108108108108103
1,130800,HYDROGEL_PACK,Mark 14,Mark 38,sell,9946.0,5,49730.0,9954.0,16.0,tight,early,9949.0,5266.5,9949.0,-5.0,3.0,-5.0,9960.5,5264.5,9960.5,6.5,1.0,6.5,9961.0,5255.0,9961.0,7.0,-8.5,7.0,-0.5912162162162162,1.5912162162162162
1,131300,VELVETFRUIT_EXTRACT,Mark 49,Mark 55,sell,5265.0,5,26325.0,5266.5,3.0,tight,early,5264.0,5264.0,9951.0,-2.5,-2.5,2.0,5264.0,5264.0,9958.0,-2.5,-2.5,9.0,5258.5,5258.5,9961.0,-8.0,-8.0,12.0,-1.0,-1.5
1,131800,VELVETFRUIT_EXTRACT,Mark 01,Mark 55,sell,5261.0,5,26305.0,5264.0,6.0,wide,early,5264.0,5264.0,9956.0,0.0,0.0,5.0,5267.5,5267.5,9955.0,3.5,3.5,4.0,5259.5,5259.5,9962.0,-4.5,-4.5,11.0,-0.272,3.7720000000000002
1,132600,VELVETFRUIT_EXTRACT,Mark 67,Mark 49,buy,5263.0,10,52630.0,5262.0,2.0,tight,early,5263.5,5263.5,9957.0,1.5,1.5,-6.0,5261.5,5261.5,9956.0,-0.5,-0.5,-7.0,5262.5,5262.5,9964.5,0.5,0.5,1.5,1.6590909090909092,-2.159090909090909
1,133100,VEV_4000,Mark 14,Mark 38,sell,1253.0,3,3759.0,1263.5,21.0,tight,early,1266.0,5266.0,9958.0,2.5,2.5,1.0,1262.0,5263.5,9958.0,-1.5,0.0,1.0,1265.0,5265.0,9964.0,1.5,1.5,7.0,-0.06451612903225806,0.06451612903225806
1,133700,HYDROGEL_PACK,Mark 14,Mark 38,sell,9948.0,4,39792.0,9956.0,16.0,tight,early,9955.0,5264.5,9955.0,-1.0,-2.0,-1.0,9957.0,5261.0,9957.0,1.0,-5.5,1.0,9954.0,5264.0,9954.0,-2.0,-2.5,-2.0,-0.5472972972972973,-4.952702702702703
1,134000,VELVETFRUIT_EXTRACT,Mark 14,Mark 55,sell,5264.0,8,42112.0,5266.5,5.0,tight,early,5261.5,5261.5,9952.0,-5.0,-5.0,-6.0,5262.5,5262.5,9953.0,-4.0,-4.0,-5.0,5262.0,5262.0,9955.0,-4.5,-4.5,-3.0,-0.2627118644067797,-3.73728813559322
1,134500,HYDROGEL_PACK,Mark 14,Mark 38,sell,9944.0,6,59664.0,9952.0,16.0,tight,early,9956.0,5261.5,9956.0,4.0,0.0,4.0,9951.0,5262.5,9951.0,-1.0,1.0,-1.0,9953.0,5260.5,9953.0,1.0,-1.0,1.0,-0.5912162162162162,1.5912162162162162
1,135200,VELVETFRUIT_EXTRACT,Mark 55,Mark 01,buy,5264.0,8,42112.0,5261.0,6.0,wide,early,5261.0,5261.0,9957.0,0.0,0.0,0.0,5260.0,5260.0,9958.0,-1.0,-1.0,1.0,5260.5,5260.5,9952.0,-0.5,-0.5,-5.0,0.6690647482014388,-1.6690647482014387
1,135500,VELVETFRUIT_EXTRACT,Mark 14,Mark 55,sell,5257.0,7,36799.0,5259.5,5.0,tight,early,5262.5,5262.5,9953.0,3.0,3.0,-2.0,5259.5,5259.5,9954.0,0.0,0.0,-1.0,5261.5,5261.5,9954.0,2.0,2.0,-1.0,-0.3305084745762712,0.3305084745762712
1,135900,VEV_5300,Mark 01,Mark 22,sell,52.0,3,156.0,53.0,2.0,tight,early,53.0,5262.0,9949.0,0.0,-1.0,-4.5,51.0,5257.5,9953.0,-2.0,-5.5,-0.5,52.5,5262.5,9958.0,-0.5,-0.5,4.5,-0.9393939393939394,-4.5606060606060606
1,135900,VEV_5400,Mark 01,Mark 22,sell,19.0,3,57.0,20.0,2.0,wide,early,20.0,5262.0,9949.0,0.0,-1.0,-4.5,19.0,5257.5,9953.0,-1.0,-5.5,-0.5,19.5,5262.5,9958.0,-0.5,-0.5,4.5,0.14814814814814814,-5.648148148148148
1,135900,VEV_5500,Mark 01,Mark 22,sell,8.0,3,24.0,8.5,1.0,tight,early,8.5,5262.0,9949.0,0.0,-1.0,-4.5,8.0,5257.5,9953.0,-0.5,-5.5,-0.5,8.5,5262.5,9958.0,0.0,-0.5,4.5,0.11931818181818182,-5.619318181818182
1,135900,VEV_6000,Mark 01,Mark 22,sell,0.0,3,0.0,0.5,1.0,tight,early,0.5,5262.0,9949.0,0.0,-1.0,-4.5,0.5,5257.5,9953.0,0.0,-5.5,-0.5,0.5,5262.5,9958.0,0.0,-0.5,4.5,0.16842105263157894,-5.668421052631579
1,135900,VEV_6500,Mark 01,Mark 22,sell,0.0,3,0.0,0.5,1.0,tight,early,0.5,5262.0,9949.0,0.0,-1.0,-4.5,0.5,5257.5,9953.0,0.0,-5.5,-0.5,0.5,5262.5,9958.0,0.0,-0.5,4.5,0.16842105263157894,-5.668421052631579
1,137000,VEV_4000,Mark 14,Mark 38,sell,1252.0,3,3756.0,1262.5,21.0,tight,early,1259.5,5259.5,9954.0,-3.0,-3.0,-1.0,1258.5,5258.5,9965.0,-4.0,-4.0,10.0,1265.0,5265.0,9959.0,2.5,2.5,4.0,0.0,-4.0
1,137300,VEV_4000,Mark 14,Mark 38,sell,1251.0,3,3753.0,1261.5,21.0,tight,early,1258.5,5257.0,9950.0,-3.0,-4.5,-7.0,1258.5,5258.5,9965.0,-3.0,-3.0,8.0,1267.5,5267.5,9961.0,6.0,6.0,4.0,-0.016129032258064516,-2.9838709677419355
1,137600,VEV_4000,Mark 38,Mark 14,buy,1269.0,3,3807.0,1258.5,21.0,tight,early,1256.5,5256.5,9951.0,-2.0,-2.5,-3.0,1258.5,5258.5,9965.0,0.0,-0.5,11.0,1268.5,5268.5,9964.0,10.0,9.5,10.0,0.09848484848484848,-0.5984848484848485
1,137800,HYDROGEL_PACK,Mark 14,Mark 38,sell,9942.0,3,29826.0,9950.0,16.0,tight,early,9952.5,5256.5,9952.5,2.5,-0.5,2.5,9968.0,5258.5,9968.0,18.0,1.5,18.0,9966.0,5268.5,9966.0,16.0,11.5,16.0,-0.5945945945945946,2.0945945945945947
1,138000,VELVETFRUIT_EXTRACT,Mark 01,Mark 55,sell,5254.0,7,36778.0,5256.5,5.0,tight,early,5257.5,5257.5,9960.0,1.0,1.0,6.5,5258.5,5258.5,9963.0,2.0,2.0,9.5,5267.5,5267.5,9964.0,11.0,11.0,10.5,-0.3333333333333333,2.3333333333333335
1,138100,HYDROGEL_PACK,Mark 38,Mark 14,buy,9959.0,2,19918.0,9951.0,16.0,tight,early,9963.0,5258.5,9963.0,12.0,2.0,12.0,9965.0,5257.5,9965.0,14.0,1.0,14.0,9963.0,5266.5,9963.0,12.0,10.0,12.0,0.21223021582733814,0.7877697841726619
1,139700,VELVETFRUIT_EXTRACT,Mark 67,Mark 22,buy,5257.0,8,42056.0,5256.0,2.0,tight,early,5257.5,5257.5,9963.0,1.5,1.5,-2.0,5259.5,5259.5,9962.0,3.5,3.5,-3.0,5265.5,5265.5,9967.0,9.5,9.5,2.0,2.0067567567567566,1.4932432432432434
1,140000,VELVETFRUIT_EXTRACT,Mark 55,Mark 14,buy,5261.0,5,26305.0,5258.5,5.0,tight,early,5255.5,5255.5,9962.0,-3.0,-3.0,-1.0,5259.5,5259.5,9965.0,1.0,1.0,2.0,5267.0,5267.0,9965.0,8.5,8.5,2.0,0.5877192982456141,0.4122807017543859
1,140100,VELVETFRUIT_EXTRACT,Mark 55,Mark 14,buy,5260.0,4,21040.0,5257.5,5.0,mid,early,5255.5,5255.5,9964.0,-2.0,-2.0,-1.0,5259.5,5259.5,9966.0,2.0,2.0,1.0,5266.0,5266.0,9965.0,8.5,8.5,0.0,0.4105263157894737,1.5894736842105264
1,141000,VELVETFRUIT_EXTRACT,Mark 55,Mark 14,buy,5260.0,4,21040.0,5257.5,5.0,mid,early,5258.5,5258.5,9960.0,1.0,1.0,3.0,5264.5,5264.5,9964.0,7.0,7.0,7.0,5265.5,5265.5,9953.0,8.0,8.0,-4.0,0.38421052631578945,6.61578947368421
1,142000,VELVETFRUIT_EXTRACT,Mark 55,Mark 14,buy,5262.0,6,31572.0,5259.5,5.0,mid,early,5262.5,5262.5,9962.0,3.0,3.0,-3.0,5262.0,5262.0,9955.0,2.5,2.5,-10.0,5259.0,5259.0,9954.0,-0.5,-0.5,-11.0,0.40789473684210525,2.0921052631578947
1,144500,VELVETFRUIT_EXTRACT,Mark 01,Mark 55,sell,5258.0,5,26290.0,5260.5,5.0,mid,early,5261.0,5261.0,9951.0,0.5,0.5,-2.0,5263.5,5263.5,9955.0,3.0,3.0,2.0,5253.0,5253.0,9962.0,-7.5,-7.5,9.0,0.40625,2.59375
1,145500,VEV_5400,Mark 01,Mark 22,sell,19.0,2,38.0,19.5,1.0,tight,early,20.0,5264.0,9958.0,0.5,2.5,4.0,21.0,5268.5,9961.0,1.5,7.0,7.0,17.0,5249.5,9956.0,-2.5,-12.0,2.0,0.2,6.8
1,145500,VEV_5500,Mark 01,Mark 22,sell,8.0,2,16.0,8.5,1.0,tight,early,8.5,5264.0,9958.0,0.0,2.5,4.0,9.5,5268.5,9961.0,1.0,7.0,7.0,7.5,5249.5,9956.0,-1.0,-12.0,2.0,-0.022727272727272728,7.0227272727272725
1,145500,VEV_6000,Mark 01,Mark 22,sell,0.0,2,0.0,0.5,1.0,tight,early,0.5,5264.0,9958.0,0.0,2.5,4.0,0.5,5268.5,9961.0,0.0,7.0,7.0,0.5,5249.5,9956.0,0.0,-12.0,2.0,0.03684210526315789,6.963157894736842
1,145500,VEV_6500,Mark 01,Mark 22,sell,0.0,2,0.0,0.5,1.0,tight,early,0.5,5264.0,9958.0,0.0,2.5,4.0,0.5,5268.5,9961.0,0.0,7.0,7.0,0.5,5249.5,9956.0,0.0,-12.0,2.0,0.03684210526315789,6.963157894736842
1,145600,HYDROGEL_PACK,Mark 38,Mark 14,buy,9962.0,5,49810.0,9954.0,16.0,tight,early,9957.0,5263.5,9957.0,3.0,1.0,3.0,9964.0,5268.5,9964.0,10.0,6.0,10.0,9959.0,5248.5,9959.0,5.0,-14.0,5.0,0.17625899280575538,5.823741007194244
1,146500,HYDROGEL_PACK,Mark 38,Mark 14,buy,9963.0,6,59778.0,9955.0,16.0,tight,early,9959.0,5265.0,9959.0,4.0,1.5,4.0,9964.0,5264.5,9964.0,9.0,1.0,9.0,9959.0,5248.0,9959.0,4.0,-15.5,4.0,0.21223021582733814,0.7877697841726619
1,146700,VELVETFRUIT_EXTRACT,Mark 14,Mark 55,sell,5260.0,7,36820.0,5262.5,5.0,mid,early,5265.5,5265.5,9958.0,3.0,3.0,-1.0,5264.5,5264.5,9962.0,2.0,2.0,3.0,5247.5,5247.5,9965.0,-15.0,-15.0,6.0,-0.7513227513227513,2.751322751322751
1,147900,VEV_4000,Mark 14,Mark 38,sell,1256.0,1,1256.0,1267.0,22.0,wide,early,1264.5,5264.5,9962.0,-2.5,-4.0,1.5,1266.5,5266.5,9968.5,-0.5,-2.0,8.0,1255.5,5255.0,9959.0,-11.5,-13.5,-1.5,-0.3333333333333333,-1.6666666666666667
1,148000,HYDROGEL_PACK,Mark 38,Mark 14,buy,9972.0,3,29916.0,9964.0,16.0,tight,early,9964.0,5264.5,9964.0,0.0,-3.0,0.0,9965.0,5267.0,9965.0,1.0,-0.5,1.0,9955.0,5252.0,9955.0,-9.0,-15.5,-9.0,0.22302158273381295,-0.7230215827338129
1,148300,VELVETFRUIT_EXTRACT,Mark 22,Mark 55,sell,5265.0,4,21060.0,5266.5,3.0,tight,early,5262.5,5262.5,9962.0,-4.0,-4.0,-1.0,5266.5,5266.5,9959.0,0.0,0.0,-4.0,5256.5,5256.5,9951.5,-10.0,-10.0,-11.5,0.5588235294117647,-0.5588235294117647
1,150600,VEV_5300,Mark 01,Mark 22,sell,53.0,2,106.0,54.0,2.0,tight,early,54.0,5266.0,9953.0,0.0,0.5,-5.0,50.0,5256.5,9953.0,-4.0,-9.0,-5.0,49.0,5252.5,9965.0,-5.0,-13.0,7.0,-0.8333333333333334,-8.166666666666666
1,150600,VEV_5400,Mark 01,Mark 22,sell,20.0,2,40.0,20.5,1.0,tight,early,20.5,5266.0,9953.0,0.0,0.5,-5.0,18.5,5256.5,9953.0,-2.0,-9.0,-5.0,18.5,5252.5,9965.0,-2.0,-13.0,7.0,0.41333333333333333,-9.413333333333334
1,150600,VEV_5500,Mark 01,Mark 22,sell,8.0,2,16.0,8.5,1.0,tight,early,8.5,5266.0,9953.0,0.0,0.5,-5.0,8.0,5256.5,9953.0,-0.5,-9.0,-5.0,7.5,5252.5,9965.0,-1.0,-13.0,7.0,0.1590909090909091,-9.159090909090908
1,150600,VEV_6000,Mark 01,Mark 22,sell,0.0,2,0.0,0.5,1.0,tight,early,0.5,5266.0,9953.0,0.0,0.5,-5.0,0.5,5256.5,9953.0,0.0,-9.0,-5.0,0.5,5252.5,9965.0,0.0,-13.0,7.0,0.20526315789473684,-9.205263157894738
1,150600,VEV_6500,Mark 01,Mark 22,sell,0.0,2,0.0,0.5,1.0,tight,early,0.5,5266.0,9953.0,0.0,0.5,-5.0,0.5,5256.5,9953.0,0.0,-9.0,-5.0,0.5,5252.5,9965.0,0.0,-13.0,7.0,0.20526315789473684,-9.205263157894738
1,150700,VELVETFRUIT_EXTRACT,Mark 55,Mark 01,buy,5268.0,7,36876.0,5265.5,5.0,mid,early,5266.5,5266.5,9952.0,1.0,1.0,-5.0,5257.0,5257.0,9952.0,-8.5,-8.5,-5.0,5254.5,5254.5,9966.0,-11.0,-11.0,9.0,-0.5202702702702703,-7.97972972972973
1,151100,HYDROGEL_PACK,Mark 14,Mark 38,sell,9945.0,4,39780.0,9953.0,16.0,tight,early,9956.0,5260.5,9956.0,3.0,-5.5,3.0,9955.0,5257.5,9955.0,2.0,-8.5,2.0,9966.0,5253.5,9966.0,13.0,-12.5,13.0,-0.527027027027027,-7.972972972972973
1,151200,HYDROGEL_PACK,Mark 14,Mark 38,sell,9944.0,6,59664.0,9952.0,16.0,tight,early,9952.0,5260.5,9952.0,0.0,-6.0,0.0,9957.0,5256.5,9957.0,5.0,-10.0,5.0,9963.5,5253.5,9963.5,11.5,-13.0,11.5,-0.5168918918918919,-9.483108108108109
1,151400,VELVETFRUIT_EXTRACT,Mark 01,Mark 55,sell,5261.0,7,36827.0,5263.5,5.0,mid,early,5260.0,5260.0,9954.0,-3.5,-3.5,1.0,5256.5,5256.5,9955.0,-7.0,-7.0,2.0,5254.5,5254.5,9968.0,-9.0,-9.0,15.0,0.5104166666666666,-7.510416666666667
1,152700,HYDROGEL_PACK,Mark 14,Mark 38,sell,9944.0,5,49720.0,9952.0,16.0,tight,early,9957.0,5256.5,9957.0,5.0,-0.5,5.0,9955.0,5254.5,9955.0,3.0,-2.5,3.0,9970.0,5254.5,9970.0,18.0,-2.5,18.0,-0.5675675675675675,-1.9324324324324325
1,153000,VEV_5400,Mark 01,Mark 22,sell,18.0,4,72.0,18.5,1.0,tight,early,18.5,5255.0,9958.0,0.0,-1.5,5.0,18.0,5253.5,9957.0,-0.5,-3.0,4.0,18.5,5254.5,9973.0,0.0,-2.0,20.0,0.3333333333333333,-3.3333333333333335
1,153000,VEV_5500,Mark 01,Mark 22,sell,7.0,4,28.0,8.0,2.0,wide,early,7.5,5255.0,9958.0,-0.5,-1.5,5.0,7.5,5253.5,9957.0,-0.5,-3.0,4.0,7.5,5254.5,9973.0,-0.5,-2.0,20.0,0.11666666666666667,-3.1166666666666667
1,153000,VEV_6000,Mark 01,Mark 22,sell,0.0,4,0.0,0.5,1.0,tight,early,0.5,5255.0,9958.0,0.0,-1.5,5.0,0.5,5253.5,9957.0,0.0,-3.0,4.0,0.5,5254.5,9973.0,0.0,-2.0,20.0,0.14210526315789473,-3.1421052631578945
1,153000,VEV_6500,Mark 01,Mark 22,sell,0.0,4,0.0,0.5,1.0,tight,early,0.5,5255.0,9958.0,0.0,-1.5,5.0,0.5,5253.5,9957.0,0.0,-3.0,4.0,0.5,5254.5,9973.0,0.0,-2.0,20.0,0.14210526315789473,-3.1421052631578945
1,154100,VEV_4000,Mark 14,Mark 38,sell,1242.0,3,3726.0,1252.5,21.0,tight,early,1253.5,5253.5,9960.0,1.0,1.0,3.0,1248.0,5248.0,9955.0,-4.5,-4.5,-2.0,1252.5,5252.0,9962.0,0.0,-0.5,5.0,0.008064516129032258,-4.508064516129032
1,155900,HYDROGEL_PACK,Mark 38,Mark 14,buy,9966.0,4,39864.0,9958.5,15.0,tight,early,9957.0,5246.5,9957.0,-1.5,-3.0,-1.5,9959.0,5255.0,9959.0,0.5,5.5,0.5,9969.0,5250.5,9969.0,10.5,1.0,10.5,0.17985611510791366,5.320143884892087
1,156200,VEV_4000,Mark 14,Mark 38,sell,1237.0,1,1237.0,1247.5,21.0,tight,early,1247.5,5247.5,9965.0,0.0,0.0,10.0,1255.5,5255.5,9953.0,8.0,8.0,-2.0,1250.5,5251.0,9969.0,3.0,3.5,14.0,-0.1935483870967742,8.193548387096774
1,156400,HYDROGEL_PACK,Mark 14,Mark 38,sell,9949.0,6,59694.0,9957.0,16.0,tight,early,9962.0,5247.0,9962.0,5.0,0.5,5.0,9954.0,5257.0,9954.0,-3.0,10.5,-3.0,9970.0,5254.0,9970.0,13.0,7.5,13.0,-0.6554054054054054,11.155405405405405
1,159900,HYDROGEL_PACK,Mark 14,Mark 38,sell,9961.0,3,29883.0,9969.0,16.0,tight,early,9965.0,5255.0,9965.0,-4.0,0.5,-4.0,9961.0,5253.5,9961.0,-8.0,-1.0,-8.0,9965.0,5251.5,9965.0,-4.0,-3.0,-4.0,-0.5777027027027027,-0.42229729729729726
1,161200,HYDROGEL_PACK,Mark 14,Mark 38,sell,9956.0,6,59736.0,9963.5,15.0,tight,early,9967.0,5254.5,9967.0,3.5,1.0,3.5,9971.0,5254.5,9971.0,7.5,1.0,7.5,9981.0,5248.5,9981.0,17.5,-5.0,17.5,-0.5912162162162162,1.5912162162162162
1,163300,VELVETFRUIT_EXTRACT,Mark 67,Mark 22,buy,5254.0,10,52540.0,5253.0,2.0,tight,early,5255.0,5255.0,9962.0,2.0,2.0,-8.0,5251.5,5251.5,9968.0,-1.5,-1.5,-2.0,5249.0,5249.0,9972.0,-4.0,-4.0,2.0,2.074324324324324,-3.574324324324324
1,164000,VELVETFRUIT_EXTRACT,Mark 14,Mark 55,sell,5251.0,5,26255.0,5253.5,5.0,mid,early,5252.5,5252.5,9968.0,-1.0,-1.0,7.0,5250.5,5250.5,9972.0,-3.0,-3.0,11.0,5249.0,5249.0,9975.0,-4.5,-4.5,14.0,-0.7248677248677249,-2.2751322751322753
1,164300,HYDROGEL_PACK,Mark 38,Mark 14,buy,9973.0,5,49865.0,9965.0,16.0,tight,early,9971.0,5252.5,9971.0,6.0,1.0,6.0,9969.0,5252.5,9969.0,4.0,1.0,4.0,9977.0,5246.0,9977.0,12.0,-5.5,12.0,0.21223021582733814,0.7877697841726619
1,165500,VELVETFRUIT_EXTRACT,Mark 49,Mark 55,sell,5250.0,4,21000.0,5251.0,2.0,tight,early,5250.5,5250.5,9972.0,-0.5,-0.5,3.5,5252.5,5252.5,9962.0,1.5,1.5,-6.5,5247.5,5247.5,9987.0,-3.5,-3.5,18.5,-2.0,3.5
1,167300,HYDROGEL_PACK,Mark 14,Mark 38,sell,9957.0,3,29871.0,9965.0,16.0,tight,early,9960.0,5252.5,9960.0,-5.0,-1.0,-5.0,9966.0,5251.5,9966.0,1.0,-2.0,1.0,9998.0,5246.0,9998.0,33.0,-7.5,33.0,-0.5709459459459459,-1.429054054054054
1,167600,VELVETFRUIT_EXTRACT,Mark 01,Mark 55,sell,5249.0,6,31494.0,5252.0,6.0,wide,early,5253.5,5253.5,9962.0,1.5,1.5,1.0,5254.5,5254.5,9961.0,2.5,2.5,0.0,5245.5,5245.5,9996.0,-6.5,-6.5,35.0,-0.264,2.7640000000000002
1,167600,VEV_4000,Mark 14,Mark 38,sell,1242.0,2,2484.0,1252.5,21.0,tight,early,1253.5,5253.5,9962.0,1.0,1.5,1.0,1254.5,5254.5,9961.0,2.0,2.5,0.0,1245.5,5245.5,9996.0,-7.0,-6.5,35.0,-0.10483870967741936,2.6048387096774195
1,168400,VELVETFRUIT_EXTRACT,Mark 14,Mark 55,sell,5248.0,3,15744.0,5250.5,5.0,mid,early,5249.5,5249.5,9963.0,-1.0,-1.0,5.0,5249.5,5249.5,9977.0,-1.0,-1.0,19.0,5249.5,5249.5,9996.0,-1.0,-1.0,38.0,-0.7354497354497355,-0.26455026455026454
1,168500,VEV_4000,Mark 38,Mark 14,buy,1261.0,2,2522.0,1255.5,11.0,tight,early,1250.5,5252.0,9960.0,-5.0,2.0,1.0,1243.0,5248.5,9978.0,-12.5,-1.5,19.0,1248.5,5248.5,9994.0,-7.0,-1.5,35.0,0.11363636363636363,-1.6136363636363635
1,168700,VEV_4000,Mark 38,Mark 14,buy,1260.0,1,1260.0,1249.5,21.0,tight,early,1250.5,5252.0,9967.0,1.0,2.5,10.0,1249.5,5249.0,9976.0,0.0,-0.5,19.0,1248.5,5248.0,9996.0,-1.0,-1.5,39.0,0.09848484848484848,-0.5984848484848485
1,170400,VEV_5400,Mark 01,Mark 22,sell,17.0,5,85.0,17.5,1.0,tight,early,17.5,5249.5,9979.5,0.0,0.0,2.5,17.5,5248.5,9974.0,0.0,-1.0,-3.0,17.0,5247.0,10001.0,-0.5,-2.5,24.0,0.30666666666666664,-1.3066666666666666
1,170400,VEV_5500,Mark 01,Mark 22,sell,7.0,5,35.0,7.5,1.0,tight,early,7.5,5249.5,9979.5,0.0,0.0,2.5,7.5,5248.5,9974.0,0.0,-1.0,-3.0,7.5,5247.0,10001.0,0.0,-2.5,24.0,0.06818181818181818,-1.0681818181818181
1,170400,VEV_6000,Mark 01,Mark 22,sell,0.0,5,0.0,0.5,1.0,tight,early,0.5,5249.5,9979.5,0.0,0.0,2.5,0.5,5248.5,9974.0,0.0,-1.0,-3.0,0.5,5247.0,10001.0,0.0,-2.5,24.0,0.12105263157894737,-1.1210526315789473
1,170400,VEV_6500,Mark 01,Mark 22,sell,0.0,5,0.0,0.5,1.0,tight,early,0.5,5249.5,9979.5,0.0,0.0,2.5,0.5,5248.5,9974.0,0.0,-1.0,-3.0,0.5,5247.0,10001.0,0.0,-2.5,24.0,0.12105263157894737,-1.1210526315789473
1,170500,VEV_5300,Mark 14,Mark 22,sell,46.0,3,138.0,47.0,2.0,tight,early,46.0,5247.0,9975.5,-1.0,-1.5,-2.5,47.0,5249.5,9973.0,0.0,1.0,-5.0,46.0,5246.5,10003.0,-1.0,-2.0,25.0,1.6923076923076923,-0.6923076923076923
1,170500,VEV_5500,Mark 01,Mark 22,sell,7.0,3,21.0,7.5,1.0,tight,early,7.5,5247.0,9975.5,0.0,-1.5,-2.5,7.5,5249.5,9973.0,0.0,1.0,-5.0,7.5,5246.5,10003.0,0.0,-2.0,25.0,0.045454545454545456,0.9545454545454546
1,170500,VEV_6000,Mark 01,Mark 22,sell,0.0,3,0.0,0.5,1.0,tight,early,0.5,5247.0,9975.5,0.0,-1.5,-2.5,0.5,5249.5,9973.0,0.0,1.0,-5.0,0.5,5246.5,10003.0,0.0,-2.0,25.0,0.1,0.9
1,170500,VEV_6500,Mark 01,Mark 22,sell,0.0,3,0.0,0.5,1.0,tight,early,0.5,5247.0,9975.5,0.0,-1.5,-2.5,0.5,5249.5,9973.0,0.0,1.0,-5.0,0.5,5246.5,10003.0,0.0,-2.0,25.0,0.1,0.9
1,170900,VEV_4000,Mark 38,Mark 14,buy,1260.0,3,3780.0,1249.5,21.0,tight,early,1251.5,5251.5,9984.0,2.0,2.0,4.5,1247.5,5246.0,9971.0,-2.0,-3.5,-8.5,1247.5,5246.0,10007.0,-2.0,-3.5,27.5,0.14393939393939395,-3.643939393939394
1,171400,HYDROGEL_PACK,Mark 38,Mark 14,buy,9992.0,6,59952.0,9984.0,16.0,tight,early,9977.0,5250.5,9977.0,-7.0,-1.0,-7.0,9971.0,5247.5,9971.0,-13.0,-4.0,-13.0,10009.0,5248.5,10009.0,25.0,-3.0,25.0,0.24820143884892087,-4.248201438848921
1,171700,VELVETFRUIT_EXTRACT,Mark 01,Mark 55,sell,5248.0,7,36736.0,5250.5,5.0,mid,early,5250.5,5250.5,9974.0,0.0,0.0,-3.0,5248.5,5248.5,9977.0,-2.0,-2.0,0.0,5245.5,5245.5,10016.0,-5.0,-5.0,39.0,0.4583333333333333,-2.4583333333333335
1,172400,VEV_4000,Mark 14,Mark 38,sell,1238.0,1,1238.0,1248.5,21.0,tight,early,1247.5,5246.0,9971.0,-1.0,-2.5,-3.0,1244.5,5244.5,9983.5,-4.0,-4.0,9.5,1244.5,5244.5,10017.0,-4.0,-4.0,43.0,0.0,-4.0
1,172500,VEV_5300,Mark 01,Mark 22,sell,46.0,5,230.0,47.0,2.0,tight,early,46.0,5247.0,9970.0,-1.0,-2.5,-3.0,45.0,5244.0,9984.0,-2.0,-5.5,11.0,45.0,5245.5,10019.0,-2.0,-4.0,46.0,-0.9393939393939394,-4.5606060606060606
1,172500,VEV_5400,Mark 01,Mark 22,sell,17.0,5,85.0,17.5,1.0,tight,early,17.0,5247.0,9970.0,-0.5,-2.5,-3.0,16.5,5244.0,9984.0,-1.0,-5.5,11.0,16.5,5245.5,10019.0,-1.0,-4.0,46.0,0.36666666666666664,-5.866666666666666
1,172500,VEV_5500,Mark 01,Mark 22,sell,7.0,5,35.0,7.5,1.0,tight,early,7.5,5247.0,9970.0,0.0,-2.5,-3.0,7.0,5244.0,9984.0,-0.5,-5.5,11.0,7.0,5245.5,10019.0,-0.5,-4.0,46.0,0.11931818181818182,-5.619318181818182
1,172500,VEV_6000,Mark 01,Mark 22,sell,0.0,5,0.0,0.5,1.0,tight,early,0.5,5247.0,9970.0,0.0,-2.5,-3.0,0.5,5244.0,9984.0,0.0,-5.5,11.0,0.5,5245.5,10019.0,0.0,-4.0,46.0,0.16842105263157894,-5.668421052631579
1,172500,VEV_6500,Mark 01,Mark 22,sell,0.0,5,0.0,0.5,1.0,tight,early,0.5,5247.0,9970.0,0.0,-2.5,-3.0,0.5,5244.0,9984.0,0.0,-5.5,11.0,0.5,5245.5,10019.0,0.0,-4.0,46.0,0.16842105263157894,-5.668421052631579
1,174200,HYDROGEL_PACK,Mark 38,Mark 14,buy,9988.0,5,49940.0,9980.0,16.0,tight,early,9981.0,5245.5,9981.0,1.0,-1.0,1.0,9997.0,5248.5,9997.0,17.0,2.0,17.0,10014.0,5240.5,10014.0,34.0,-6.0,34.0,0.20503597122302158,1.7949640287769784
1,174400,HYDROGEL_PACK,Mark 38,Mark 14,buy,9991.0,6,59946.0,9983.5,15.0,tight,early,9986.0,5246.0,9986.0,2.5,1.5,2.5,10001.0,5248.0,10001.0,17.5,3.5,17.5,10016.0,5240.5,10016.0,32.5,-4.0,32.5,0.19424460431654678,3.305755395683453
1,178000,HYDROGEL_PACK,Mark 14,Mark 38,sell,9988.0,3,29964.0,9996.0,16.0,tight,early,9994.0,5248.5,9994.0,-2.0,1.0,-2.0,10002.0,5245.0,10002.0,6.0,-2.5,6.0,10026.0,5231.5,10026.0,30.0,-16.0,30.0,-0.5675675675675675,-1.9324324324324325
1,179200,VELVETFRUIT_EXTRACT,Mark 01,Mark 55,sell,5243.0,4,20972.0,5245.5,5.0,mid,early,5247.5,5247.5,9997.0,2.0,2.0,-3.0,5246.5,5246.5,10006.0,1.0,1.0,6.0,5236.5,5236.5,10030.0,-9.0,-9.0,30.0,0.4270833333333333,0.5729166666666667
1,180100,VELVETFRUIT_EXTRACT,Mark 55,Mark 01,buy,5248.0,3,15744.0,5245.5,5.0,mid,early,5248.5,5248.5,10004.0,3.0,3.0,2.0,5243.5,5243.5,10020.0,-2.0,-2.0,18.0,5238.5,5238.5,10026.0,-7.0,-7.0,24.0,-0.6081081081081081,-1.3918918918918919
1,182100,HYDROGEL_PACK,Mark 14,Mark 38,sell,10012.0,3,30036.0,10020.0,16.0,tight,early,10019.0,5246.5,10019.0,-1.0,3.0,-1.0,10013.0,5241.5,10013.0,-7.0,-2.0,-7.0,10022.0,5237.0,10022.0,2.0,-6.5,2.0,-0.5709459459459459,-1.429054054054054
1,182800,HYDROGEL_PACK,Mark 14,Mark 38,sell,10010.0,5,50050.0,10018.0,16.0,tight,early,10008.5,5246.5,10008.5,-9.5,2.0,-9.5,10020.0,5239.0,10020.0,2.0,-5.5,2.0,10015.0,5235.5,10015.0,-3.0,-9.0,-3.0,-0.5472972972972973,-4.952702702702703
1,184200,VEV_4000,Mark 38,Mark 14,buy,1251.0,3,3753.0,1240.5,21.0,tight,early,1241.5,5241.5,10019.0,1.0,1.0,5.0,1235.5,5235.5,10025.5,-5.0,-5.0,11.5,1236.5,5236.5,10014.0,-4.0,-4.0,0.0,0.16666666666666666,-5.166666666666667
1,185800,HYDROGEL_PACK,Mark 38,Mark 14,buy,10040.0,4,40160.0,10032.0,16.0,tight,early,10023.0,5233.5,10023.0,-9.0,-5.0,-9.0,10026.0,5230.5,10026.0,-6.0,-8.0,-6.0,10004.0,5235.0,10004.0,-28.0,-3.5,-28.0,0.27697841726618705,-8.276978417266188
1,187400,VELVETFRUIT_EXTRACT,Mark 55,Mark 01,buy,5235.0,8,41880.0,5232.0,6.0,wide,early,5231.5,5231.5,10025.0,-0.5,-0.5,-2.0,5238.5,5238.5,10034.0,6.5,6.5,7.0,5237.5,5237.5,10003.0,5.5,5.5,-24.0,0.6151079136690647,5.884892086330935
1,187600,VELVETFRUIT_EXTRACT,Mark 55,Mark 01,buy,5235.0,5,26175.0,5232.0,6.0,wide,early,5230.0,5230.0,10029.0,-2.0,-2.0,5.0,5240.5,5240.5,10034.0,8.5,8.5,10.0,5236.5,5236.5,10002.0,4.5,4.5,-22.0,0.6007194244604317,7.899280575539568
1,188400,HYDROGEL_PACK,Mark 14,Mark 38,sell,10021.0,4,40084.0,10029.0,16.0,tight,early,10026.0,5234.5,10026.0,-3.0,2.0,-3.0,10026.0,5237.5,10026.0,-3.0,5.0,-3.0,10003.0,5241.5,10003.0,-26.0,9.0,-26.0,-0.6182432432432432,5.618243243243243
1,188800,VELVETFRUIT_EXTRACT,Mark 22,Mark 55,sell,5232.0,6,31392.0,5233.5,3.0,tight,early,5237.5,5237.5,10033.0,4.0,4.0,4.0,5237.5,5237.5,10028.0,4.0,4.0,-1.0,5241.5,5241.5,10015.0,8.0,8.0,-14.0,0.3235294117647059,3.676470588235294
1,190100,VEV_5300,Mark 01,Mark 22,sell,42.0,3,126.0,43.0,2.0,tight,early,42.0,5236.5,10025.0,-1.0,-2.0,-1.0,42.0,5237.0,10022.0,-1.0,-1.5,-4.0,43.0,5238.0,10013.0,0.0,-0.5,-13.0,-1.0606060606060606,-0.43939393939393945
1,190100,VEV_5400,Mark 01,Mark 22,sell,15.0,3,45.0,15.5,1.0,tight,early,15.0,5236.5,10025.0,-0.5,-2.0,-1.0,15.0,5237.0,10022.0,-0.5,-1.5,-4.0,15.5,5238.0,10013.0,0.0,-0.5,-13.0,0.31333333333333335,-1.8133333333333335
1,190100,VEV_5500,Mark 01,Mark 22,sell,6.0,3,18.0,6.5,1.0,tight,early,6.5,5236.5,10025.0,0.0,-2.0,-1.0,6.5,5237.0,10022.0,0.0,-1.5,-4.0,6.5,5238.0,10013.0,0.0,-0.5,-13.0,0.07386363636363637,-1.5738636363636365
1,190100,VEV_6000,Mark 01,Mark 22,sell,0.0,3,0.0,0.5,1.0,tight,early,0.5,5236.5,10025.0,0.0,-2.0,-1.0,0.5,5237.0,10022.0,0.0,-1.5,-4.0,0.5,5238.0,10013.0,0.0,-0.5,-13.0,0.12631578947368421,-1.6263157894736842
1,190100,VEV_6500,Mark 01,Mark 22,sell,0.0,3,0.0,0.5,1.0,tight,early,0.5,5236.5,10025.0,0.0,-2.0,-1.0,0.5,5237.0,10022.0,0.0,-1.5,-4.0,0.5,5238.0,10013.0,0.0,-0.5,-13.0,0.12631578947368421,-1.6263157894736842
1,190600,VELVETFRUIT_EXTRACT,Mark 14,Mark 55,sell,5234.0,6,31404.0,5236.5,5.0,mid,early,5239.5,5239.5,10024.0,3.0,3.0,-1.0,5233.5,5233.5,10017.0,-3.0,-3.0,-8.0,5240.5,5240.5,10014.0,4.0,4.0,-11.0,-0.7248677248677249,-2.2751322751322753
1,190700,VELVETFRUIT_EXTRACT,Mark 55,Mark 14,buy,5239.0,3,15717.0,5236.5,5.0,mid,early,5239.5,5239.5,10021.0,3.0,3.0,-6.0,5233.5,5233.5,10015.0,-3.0,-3.0,-12.0,5241.5,5241.5,10016.0,5.0,5.0,-11.0,0.4368421052631579,-3.4368421052631577
1,191100,VELVETFRUIT_EXTRACT,Mark 14,Mark 55,sell,5237.0,8,41896.0,5239.5,5.0,mid,early,5237.5,5237.5,10024.0,-2.0,-2.0,0.0,5235.5,5235.5,10017.0,-4.0,-4.0,-7.0,5240.5,5240.5,10016.0,1.0,1.0,-8.0,-0.7195767195767195,-3.2804232804232805
1,192600,VELVETFRUIT_EXTRACT,Mark 14,Mark 55,sell,5231.0,3,15693.0,5233.5,5.0,mid,early,5235.5,5235.5,10017.0,2.0,2.0,0.0,5235.5,5235.5,10010.0,2.0,2.0,-7.0,5243.5,5243.5,10023.0,10.0,10.0,6.0,-0.7513227513227513,2.751322751322751
1,192800,HYDROGEL_PACK,Mark 14,Mark 38,sell,10007.0,5,50035.0,10015.0,16.0,tight,early,10016.0,5235.0,10016.0,1.0,-0.5,1.0,10007.0,5234.5,10007.0,-8.0,-1.0,-8.0,10025.0,5242.5,10025.0,10.0,7.0,10.0,-0.5777027027027027,-0.42229729729729726
1,193400,HYDROGEL_PACK,Mark 38,Mark 14,buy,10026.0,4,40104.0,10018.0,16.0,tight,early,10015.0,5236.5,10015.0,-3.0,0.0,-3.0,10004.0,5234.0,10004.0,-14.0,-2.5,-14.0,10021.0,5241.5,10021.0,3.0,5.0,3.0,0.23741007194244604,-2.737410071942446
1,194200,VEV_4000,Mark 38,Mark 14,buy,1247.0,2,2494.0,1236.5,21.0,tight,early,1235.0,5235.0,10009.5,-1.5,-1.5,-4.5,1235.5,5235.5,10006.0,-1.0,-1.0,-8.0,1242.5,5242.5,10018.0,6.0,6.0,4.0,0.10606060606060606,-1.106060606060606
1,194400,VELVETFRUIT_EXTRACT,Mark 14,Mark 55,sell,5234.0,5,26170.0,5236.5,5.0,mid,early,5233.5,5233.5,10005.0,-3.0,-3.0,-7.0,5234.5,5234.5,10000.5,-2.0,-2.0,-11.5,5240.0,5240.0,10014.0,3.5,3.5,2.0,-0.7301587301587301,-1.2698412698412698
1,195200,VELVETFRUIT_EXTRACT,Mark 55,Mark 14,buy,5236.0,3,15708.0,5233.5,5.0,mid,early,5234.5,5234.5,10005.0,1.0,1.0,6.0,5236.0,5236.0,10009.0,2.5,2.5,10.0,5242.0,5242.0,10011.0,8.5,8.5,12.0,0.40789473684210525,2.0921052631578947
1,195600,VEV_5300,Mark 01,Mark 22,sell,41.0,3,123.0,42.0,2.0,mid,early,41.0,5233.5,10005.0,-1.0,-2.0,2.0,43.0,5236.5,10002.0,1.0,1.0,-1.0,46.0,5246.5,10019.0,4.0,11.0,16.0,0.4017857142857143,0.5982142857142857
1,195600,VEV_5400,Mark 01,Mark 22,sell,14.0,3,42.0,14.5,1.0,tight,early,14.5,5233.5,10005.0,0.0,-2.0,2.0,15.5,5236.5,10002.0,1.0,1.0,-1.0,16.5,5246.5,10019.0,2.0,11.0,16.0,0.28,0.72
1,195600,VEV_5500,Mark 01,Mark 22,sell,6.0,3,18.0,6.5,1.0,tight,early,6.5,5233.5,10005.0,0.0,-2.0,2.0,6.5,5236.5,10002.0,0.0,1.0,-1.0,7.5,5246.5,10019.0,1.0,11.0,16.0,0.045454545454545456,0.9545454545454546
1,195600,VEV_6000,Mark 01,Mark 22,sell,0.0,3,0.0,0.5,1.0,tight,early,0.5,5233.5,10005.0,0.0,-2.0,2.0,0.5,5236.5,10002.0,0.0,1.0,-1.0,0.5,5246.5,10019.0,0.0,11.0,16.0,0.1,0.9
1,195600,VEV_6500,Mark 01,Mark 22,sell,0.0,3,0.0,0.5,1.0,tight,early,0.5,5233.5,10005.0,0.0,-2.0,2.0,0.5,5236.5,10002.0,0.0,1.0,-1.0,0.5,5246.5,10019.0,0.0,11.0,16.0,0.1,0.9
1,196100,VELVETFRUIT_EXTRACT,Mark 55,Mark 14,buy,5236.0,5,26180.0,5233.5,5.0,mid,early,5233.5,5233.5,10006.0,0.0,0.0,1.0,5238.5,5238.5,10001.0,5.0,5.0,-4.0,5244.5,5244.5,10013.0,11.0,11.0,8.0,0.39473684210526316,4.605263157894737
1,196700,VEV_4000,Mark 14,Mark 38,sell,1225.0,1,1225.0,1235.5,21.0,tight,early,1236.0,5236.0,10009.0,0.5,0.5,5.0,1241.5,5241.5,10015.0,6.0,6.0,11.0,1244.5,5244.5,10009.0,9.0,9.0,5.0,-0.16129032258064516,6.161290322580645
1,197600,VELVETFRUIT_EXTRACT,Mark 67,Mark 49,buy,5237.0,9,47133.0,5236.5,1.0,tight,early,5238.5,5238.5,10001.0,2.0,2.0,-1.0,5237.0,5237.0,10019.0,0.5,0.5,17.0,5248.0,5248.0,10009.0,11.5,11.5,7.0,1.6477272727272727,-1.1477272727272727
1,198900,VELVETFRUIT_EXTRACT,Mark 55,Mark 14,buy,5243.0,5,26215.0,5240.5,5.0,mid,early,5240.5,5240.5,10021.0,0.0,0.0,6.0,5241.5,5241.5,10015.0,1.0,1.0,0.0,5246.5,5246.5,10016.0,6.0,6.0,1.0,0.41578947368421054,0.5842105263157895
1,199200,VELVETFRUIT_EXTRACT,Mark 55,Mark 14,buy,5243.0,5,26215.0,5240.5,5.0,mid,early,5239.5,5239.5,10018.0,-1.0,-1.0,1.0,5241.5,5241.5,10020.0,1.0,1.0,3.0,5247.5,5247.5,10012.0,7.0,7.0,-5.0,0.41578947368421054,0.5842105263157895
1,199400,HYDROGEL_PACK,Mark 38,Mark 14,buy,10029.0,3,30087.0,10021.0,16.0,tight,early,10016.0,5238.5,10016.0,-5.0,-2.0,-5.0,10020.5,5243.5,10020.5,-0.5,3.0,-0.5,10014.0,5249.5,10014.0,-7.0,9.0,-7.0,0.19784172661870503,2.802158273381295
1,202300,VEV_4000,Mark 38,Mark 14,buy,1252.0,3,3756.0,1241.5,21.0,tight,early,1242.5,5242.5,10025.0,1.0,2.5,3.0,1241.5,5241.5,10013.0,0.0,1.5,-9.0,1255.5,5255.5,9999.0,14.0,15.5,-23.0,0.06818181818181818,1.4318181818181819
1,202700,HYDROGEL_PACK,Mark 38,Mark 14,buy,10033.0,5,50165.0,10025.0,16.0,tight,early,10022.0,5241.0,10022.0,-3.0,-3.0,-3.0,10010.0,5243.0,10010.0,-15.0,-1.0,-15.0,9999.0,5256.5,9999.0,-26.0,12.5,-26.0,0.22661870503597123,-1.2266187050359711
1,203200,HYDROGEL_PACK,Mark 14,Mark 38,sell,10014.0,6,60084.0,10022.0,16.0,tight,early,10019.0,5238.5,10019.0,-3.0,-2.5,-3.0,10011.0,5242.0,10011.0,-11.0,1.0,-11.0,10000.0,5258.5,10000.0,-22.0,17.5,-22.0,-0.5912162162162162,1.5912162162162162
1,203700,VELVETFRUIT_EXTRACT,Mark 55,Mark 14,buy,5241.0,3,15723.0,5238.5,5.0,mid,early,5242.5,5242.5,10018.0,4.0,4.0,-1.0,5245.5,5245.5,10016.0,7.0,7.0,-3.0,5256.5,5256.5,9989.0,18.0,18.0,-30.0,0.38421052631578945,6.61578947368421
1,206200,VEV_5400,Mark 14,Mark 22,sell,16.0,3,48.0,16.5,1.0,tight,early,16.5,5244.5,10009.0,0.0,0.0,-1.0,17.0,5248.0,10009.0,0.5,3.5,-1.0,17.0,5250.5,9992.0,0.5,6.0,-18.0,-1.4285714285714286,4.928571428571429
1,206200,VEV_6000,Mark 01,Mark 22,sell,0.0,3,0.0,0.5,1.0,tight,early,0.5,5244.5,10009.0,0.0,0.0,-1.0,0.5,5248.0,10009.0,0.0,3.5,-1.0,0.5,5250.5,9992.0,0.0,6.0,-18.0,0.07368421052631578,3.4263157894736844
1,206200,VEV_6500,Mark 01,Mark 22,sell,0.0,3,0.0,0.5,1.0,tight,early,0.5,5244.5,10009.0,0.0,0.0,-1.0,0.5,5248.0,10009.0,0.0,3.5,-1.0,0.5,5250.5,9992.0,0.0,6.0,-18.0,0.07368421052631578,3.4263157894736844
1,206600,VEV_4000,Mark 38,Mark 14,buy,1255.0,1,1255.0,1244.5,21.0,tight,early,1246.0,5246.0,10004.0,1.5,2.0,-6.0,1246.5,5246.0,10012.0,2.0,2.0,2.0,1250.5,5250.0,9998.0,6.0,6.0,-12.0,0.06060606060606061,1.9393939393939394
1,206800,VELVETFRUIT_EXTRACT,Mark 01,Mark 55,sell,5241.0,6,31446.0,5243.5,5.0,mid,early,5245.5,5245.5,10004.0,2.0,2.0,-6.0,5246.5,5246.5,10015.0,3.0,3.0,5.0,5251.5,5251.5,9997.0,8.0,8.0,-13.0,0.40625,2.59375
1,207600,VELVETFRUIT_EXTRACT,Mark 55,Mark 01,buy,5251.0,4,21004.0,5248.0,6.0,wide,early,5247.5,5247.5,10011.0,-0.5,-0.5,2.0,5248.5,5248.5,10015.0,0.5,0.5,6.0,5251.0,5251.0,10005.0,3.0,3.0,-4.0,0.658273381294964,-0.15827338129496404
1,210300,VELVETFRUIT_EXTRACT,Mark 14,Mark 55,sell,5250.0,5,26250.0,5252.5,5.0,mid,early,5251.5,5251.5,10001.0,-1.0,-1.0,1.0,5255.5,5255.5,9999.0,3.0,3.0,-1.0,5246.5,5246.5,10003.0,-6.0,-6.0,3.0,-0.7566137566137566,3.7566137566137567
1,210600,HYDROGEL_PACK,Mark 14,Mark 38,sell,9990.0,5,49950.0,9998.0,16.0,tight,early,10004.0,5253.5,10004.0,6.0,1.5,6.0,10002.0,5257.0,10002.0,4.0,5.0,4.0,10006.0,5246.0,10006.0,8.0,-6.0,8.0,-0.6182432432432432,5.618243243243243
1,211100,HYDROGEL_PACK,Mark 14,Mark 38,sell,9996.0,6,59976.0,10004.0,16.0,tight,early,10006.0,5254.5,10006.0,2.0,1.0,2.0,10002.0,5256.5,10002.0,-2.0,3.0,-2.0,10002.0,5243.5,10002.0,-2.0,-10.0,-2.0,-0.6047297297297297,3.60472972972973
1,213700,VELVETFRUIT_EXTRACT,Mark 55,Mark 01,buy,5259.0,5,26295.0,5256.5,5.0,mid,early,5253.5,5253.5,9988.0,-3.0,-3.0,-1.0,5252.5,5252.5,9987.0,-4.0,-4.0,-2.0,5247.5,5247.5,9984.0,-9.0,-9.0,-5.0,-0.581081081081081,-3.418918918918919
1,214400,VELVETFRUIT_EXTRACT,Mark 01,Mark 55,sell,5250.0,3,15750.0,5253.0,6.0,wide,early,5251.0,5251.0,9982.0,-2.0,-2.0,-4.0,5249.5,5249.5,9995.0,-3.5,-3.5,9.0,5248.0,5248.0,9986.0,-5.0,-5.0,0.0,-0.216,-3.284
1,215000,VELVETFRUIT_EXTRACT,Mark 14,Mark 55,sell,5249.0,4,20996.0,5251.5,5.0,mid,early,5253.5,5253.5,9986.0,2.0,2.0,2.0,5253.0,5253.0,9995.0,1.5,1.5,11.0,5252.5,5252.5,9981.0,1.0,1.0,-3.0,-0.7486772486772487,2.248677248677249
1,216000,VEV_4000,Mark 38,Mark 14,buy,1263.0,1,1263.0,1252.5,21.0,mid,early,1250.5,5250.5,9996.0,-2.0,-1.5,6.0,1253.5,5253.5,10001.0,1.0,1.5,11.0,1252.5,5252.5,9979.0,0.0,0.5,-11.0,0.47058823529411764,1.0294117647058822
1,217100,VELVETFRUIT_EXTRACT,Mark 55,Mark 14,buy,5257.0,4,21028.0,5254.5,5.0,mid,early,5251.0,5251.0,10005.0,-3.5,-3.5,2.5,5251.5,5251.5,10002.0,-3.0,-3.0,-0.5,5254.0,5254.0,9983.0,-0.5,-0.5,-19.5,0.4368421052631579,-3.4368421052631577
1,217500,HYDROGEL_PACK,Mark 38,Mark 14,buy,10011.0,4,40044.0,10003.0,16.0,tight,early,10001.0,5253.5,10001.0,-2.0,1.5,-2.0,10004.0,5251.5,10004.0,1.0,-0.5,1.0,9981.0,5254.5,9981.0,-22.0,2.5,-22.0,0.22302158273381295,-0.7230215827338129
1,217800,VEV_4000,Mark 38,Mark 14,buy,1263.0,1,1263.0,1252.5,21.0,mid,early,1252.5,5252.5,10007.0,0.0,0.5,1.0,1249.5,5250.0,9997.0,-3.0,-2.0,-9.0,1253.5,5253.5,9982.0,1.0,1.5,-24.0,0.5117647058823529,-2.511764705882353
1,218500,HYDROGEL_PACK,Mark 38,Mark 14,buy,10017.0,5,50085.0,10009.0,16.0,tight,early,10005.0,5252.5,10005.0,-4.0,0.5,-4.0,10004.0,5246.5,10004.0,-5.0,-5.5,-5.0,9987.0,5249.5,9987.0,-22.0,-2.5,-22.0,0.2589928057553957,-5.758992805755396
1,218900,HYDROGEL_PACK,Mark 38,Mark 14,buy,10014.0,3,30042.0,10006.0,16.0,tight,early,10004.0,5251.5,10004.0,-2.0,0.0,-2.0,10007.0,5244.5,10007.0,1.0,-7.0,1.0,9987.0,5246.5,9987.0,-19.0,-5.0,-19.0,0.2697841726618705,-7.26978417266187
1,218900,VELVETFRUIT_EXTRACT,Mark 14,Mark 55,sell,5249.0,8,41992.0,5251.5,5.0,mid,early,5251.5,5251.5,10004.0,0.0,0.0,-2.0,5244.5,5244.5,10007.0,-7.0,-7.0,1.0,5246.5,5246.5,9987.0,-5.0,-5.0,-19.0,-0.7037037037037037,-6.296296296296296
1,221200,HYDROGEL_PACK,Mark 38,Mark 14,buy,10011.0,5,50055.0,10003.0,16.0,tight,early,10007.0,5243.5,10007.0,4.0,-0.5,4.0,9995.0,5246.0,9995.0,-8.0,2.0,-8.0,10009.0,5242.5,10009.0,6.0,-1.5,6.0,0.20503597122302158,1.7949640287769784
1,221800,VELVETFRUIT_EXTRACT,Mark 14,Mark 55,sell,5241.0,7,36687.0,5243.5,5.0,mid,early,5246.5,5246.5,10003.0,3.0,3.0,-5.5,5248.0,5248.0,9986.0,4.5,4.5,-22.5,5243.0,5243.0,10009.0,-0.5,-0.5,0.5,-0.7645502645502645,5.264550264550264
1,222900,VEV_4000,Mark 14,Mark 38,sell,1236.0,3,3708.0,1246.5,21.0,mid,early,1245.5,5245.5,9992.0,-1.0,-1.0,-7.0,1250.5,5250.5,9982.0,4.0,4.0,-17.0,1243.5,5243.5,10009.0,-3.0,-3.0,10.0,-0.2303370786516854,4.230337078651686
1,223300,VEV_4000,Mark 38,Mark 14,buy,1257.0,2,2514.0,1246.5,21.0,mid,early,1248.5,5248.0,9986.0,2.0,1.5,-5.0,1249.5,5249.5,9983.0,3.0,3.0,-8.0,1242.5,5242.5,10007.0,-4.0,-4.0,16.0,0.45294117647058824,2.5470588235294116
1,224100,VEV_4000,Mark 38,Mark 14,buy,1258.0,2,2516.0,1247.5,21.0,mid,early,1248.5,5249.0,9985.0,1.0,1.5,-1.0,1254.0,5254.0,9982.0,6.5,6.5,-4.0,1243.5,5244.0,10008.0,-4.0,-3.5,22.0,0.4117647058823529,6.088235294117647
1,225100,VELVETFRUIT_EXTRACT,Mark 55,Mark 14,buy,5254.0,5,26270.0,5251.5,5.0,mid,early,5250.5,5250.5,9982.0,-1.0,-1.0,-2.0,5254.0,5254.0,9983.0,2.5,2.5,-1.0,5247.0,5247.0,10013.0,-4.5,-4.5,29.0,0.40789473684210525,2.0921052631578947
1,226100,HYDROGEL_PACK,Mark 14,Mark 38,sell,9974.0,5,49870.0,9982.0,16.0,tight,early,9982.0,5252.5,9982.0,0.0,-1.5,0.0,9981.0,5254.0,9981.0,-1.0,0.0,-1.0,10009.0,5247.0,10009.0,27.0,-7.0,27.0,-0.5844594594594594,0.5844594594594594
1,229100,VEV_4000,Mark 38,Mark 14,buy,1258.0,1,1258.0,1247.5,21.0,mid,early,1246.5,5246.5,9983.0,-1.0,-0.5,-3.0,1243.5,5243.5,10006.0,-4.0,-3.5,20.0,1253.5,5253.5,10015.0,6.0,6.5,29.0,0.5294117647058824,-4.029411764705882
1,230000,HYDROGEL_PACK,Mark 38,Mark 14,buy,9998.0,4,39992.0,9990.0,16.0,tight,early,9997.0,5244.5,9997.0,7.0,-1.0,7.0,10010.0,5243.5,10010.0,20.0,-2.0,20.0,10011.0,5254.5,10011.0,21.0,9.0,21.0,0.23381294964028776,-2.2338129496402876
1,230800,HYDROGEL_PACK,Mark 38,Mark 14,buy,10007.0,3,30021.0,9999.0,16.0,tight,early,10010.0,5242.0,10010.0,11.0,-0.5,11.0,10011.0,5244.5,10011.0,12.0,2.0,12.0,10023.5,5257.0,10023.5,24.5,14.5,24.5,0.20503597122302158,1.7949640287769784
1,235300,VEV_5400,Mark 01,Mark 22,sell,16.0,3,48.0,16.5,1.0,tight,early,16.5,5246.5,10007.0,0.0,1.0,0.0,17.0,5250.5,10019.0,0.5,5.0,12.0,17.5,5253.0,10009.0,1.0,7.5,2.0,0.22666666666666666,4.773333333333333
1,235300,VEV_5500,Mark 01,Mark 22,sell,7.0,3,21.0,7.5,1.0,tight,early,7.5,5246.5,10007.0,0.0,1.0,0.0,7.5,5250.5,10019.0,0.0,5.0,12.0,7.5,5253.0,10009.0,0.0,7.5,2.0,0.0,5.0
1,235300,VEV_6000,Mark 01,Mark 22,sell,0.0,3,0.0,0.5,1.0,tight,early,0.5,5246.5,10007.0,0.0,1.0,0.0,0.5,5250.5,10019.0,0.0,5.0,12.0,0.5,5253.0,10009.0,0.0,7.5,2.0,0.05789473684210526,4.942105263157894
1,235300,VEV_6500,Mark 01,Mark 22,sell,0.0,3,0.0,0.5,1.0,tight,early,0.5,5246.5,10007.0,0.0,1.0,0.0,0.5,5250.5,10019.0,0.0,5.0,12.0,0.5,5253.0,10009.0,0.0,7.5,2.0,0.05789473684210526,4.942105263157894
1,235900,HYDROGEL_PACK,Mark 14,Mark 38,sell,9998.0,3,29994.0,10006.0,16.0,tight,early,10013.0,5245.0,10013.0,7.0,-2.5,7.0,10019.0,5251.0,10019.0,13.0,3.5,13.0,10006.0,5254.5,10006.0,0.0,7.0,0.0,-0.6081081081081081,4.108108108108108
1,237900,VELVETFRUIT_EXTRACT,Mark 55,Mark 01,buy,5254.0,6,31524.0,5251.0,6.0,wide,early,5248.5,5248.5,10015.0,-2.5,-2.5,-4.0,5255.5,5255.5,10013.0,4.5,4.5,-6.0,5257.0,5257.0,10016.0,6.0,6.0,-3.0,0.6294964028776978,3.870503597122302
1,238200,HYDROGEL_PACK,Mark 38,Mark 14,buy,10025.0,2,20050.0,10017.0,16.0,tight,early,10017.0,5250.5,10017.0,0.0,0.5,0.0,10015.0,5255.5,10015.0,-2.0,5.5,-2.0,10017.0,5258.5,10017.0,0.0,8.5,0.0,0.17985611510791366,5.320143884892087
1,239400,VELVETFRUIT_EXTRACT,Mark 14,Mark 55,sell,5251.0,6,31506.0,5253.5,5.0,mid,early,5255.5,5255.5,10013.0,2.0,2.0,-3.0,5258.5,5258.5,10017.0,5.0,5.0,1.0,5265.5,5265.5,10005.0,12.0,12.0,-11.0,-0.7671957671957672,5.767195767195767
1,239600,HYDROGEL_PACK,Mark 14,Mark 38,sell,10006.0,4,40024.0,10014.0,16.0,tight,early,10010.0,5255.0,10010.0,-4.0,1.5,-4.0,10012.0,5259.5,10012.0,-2.0,6.0,-2.0,10006.0,5265.5,10006.0,-8.0,12.0,-8.0,-0.625,6.625
1,239600,VELVETFRUIT_EXTRACT,Mark 55,Mark 22,buy,5255.0,5,26275.0,5253.5,3.0,tight,early,5255.0,5255.0,10010.0,1.5,1.5,-4.0,5259.5,5259.5,10012.0,6.0,6.0,-2.0,5265.5,5265.5,10006.0,12.0,12.0,-8.0,1.7307692307692308,4.269230769230769
1,239700,HYDROGEL_PACK,Mark 38,Mark 14,buy,10021.0,6,60126.0,10013.0,16.0,tight,early,10015.0,5255.5,10015.0,2.0,1.0,2.0,10010.0,5260.5,10010.0,-3.0,6.0,-3.0,10005.0,5265.5,10005.0,-8.0,11.0,-8.0,0.17625899280575538,5.823741007194244
1,240200,VELVETFRUIT_EXTRACT,Mark 55,Mark 14,buy,5258.0,3,15774.0,5255.5,5.0,mid,early,5257.5,5257.5,10023.0,2.0,2.0,8.0,5261.5,5261.5,10011.0,6.0,6.0,-4.0,5265.0,5265.0,10001.0,9.5,9.5,-14.0,0.3894736842105263,5.610526315789474
1,240600,HYDROGEL_PACK,Mark 14,Mark 38,sell,10013.0,3,30039.0,10021.0,16.0,tight,early,10016.0,5259.5,10016.0,-5.0,3.0,-5.0,10006.0,5258.5,10006.0,-15.0,2.0,-15.0,9998.0,5262.5,9998.0,-23.0,6.0,-23.0,-0.597972972972973,2.597972972972973
1,241900,HYDROGEL_PACK,Mark 14,Mark 38,sell,10005.0,2,20010.0,10013.0,16.0,tight,early,10006.0,5259.5,10006.0,-7.0,-1.0,-7.0,10005.5,5256.5,10005.5,-7.5,-4.0,-7.5,9994.0,5262.0,9994.0,-19.0,1.5,-19.0,-0.5574324324324325,-3.4425675675675675
1,242900,VELVETFRUIT_EXTRACT,Mark 67,Mark 22,buy,5254.0,5,26270.0,5253.0,2.0,tight,early,5254.5,5254.5,10008.0,1.5,1.5,2.0,5256.5,5256.5,10015.0,3.5,3.5,9.0,5265.5,5265.5,9998.0,12.5,12.5,-8.0,2.0067567567567566,1.4932432432432434
1,245600,VELVETFRUIT_EXTRACT,Mark 55,Mark 14,buy,5256.0,6,31536.0,5253.5,5.0,mid,early,5256.0,5256.0,10006.0,2.5,2.5,-5.0,5256.5,5256.5,10013.0,3.0,3.0,2.0,5263.5,5263.5,9977.0,10.0,10.0,-34.0,0.4052631578947368,2.594736842105263
1,248200,HYDROGEL_PACK,Mark 38,Mark 14,buy,10025.0,5,50125.0,10017.0,16.0,tight,early,10017.0,5262.0,10017.0,0.0,3.5,0.0,10001.0,5265.0,10001.0,-16.0,6.5,-16.0,9971.0,5256.0,9971.0,-46.0,-2.5,-46.0,0.17266187050359713,6.327338129496403
1,248300,VELVETFRUIT_EXTRACT,Mark 01,Mark 55,sell,5257.0,5,26285.0,5259.5,5.0,mid,early,5263.5,5263.5,10016.0,4.0,4.0,0.0,5264.5,5264.5,10001.0,5.0,5.0,-15.0,5258.5,5258.5,9970.0,-1.0,-1.0,-46.0,0.3854166666666667,4.614583333333333
1,250500,VELVETFRUIT_EXTRACT,Mark 01,Mark 55,sell,5260.0,4,21040.0,5262.5,5.0,mid,early,5263.5,5263.5,9994.0,1.0,1.0,-6.0,5264.5,5264.5,9996.0,2.0,2.0,-4.0,5256.0,5256.0,9985.0,-6.5,-6.5,-15.0,0.4166666666666667,1.5833333333333333
1,250600,VEV_4000,Mark 14,Mark 38,sell,1252.0,2,2504.0,1262.5,21.0,mid,early,1263.5,5263.5,9994.0,1.0,1.0,-4.0,1267.0,5267.5,9998.0,4.5,5.0,0.0,1257.5,5257.5,9984.0,-5.0,-5.0,-14.0,-0.24157303370786518,5.241573033707865
1,251200,VELVETFRUIT_EXTRACT,Mark 01,Mark 55,sell,5262.0,8,42096.0,5264.5,5.0,mid,early,5265.0,5265.0,9994.0,0.5,0.5,1.0,5262.5,5262.5,9994.0,-2.0,-2.0,1.0,5257.5,5257.5,9991.0,-7.0,-7.0,-2.0,0.4583333333333333,-2.4583333333333335
1,251600,VEV_4000,Mark 38,Mark 14,buy,1275.0,3,3825.0,1264.5,21.0,mid,early,1263.5,5263.5,9996.0,-1.0,-1.0,-2.0,1264.5,5264.5,9999.0,0.0,0.0,1.0,1256.5,5254.0,9993.0,-8.0,-10.5,-5.0,0.48823529411764705,-0.48823529411764705
1,251900,VELVETFRUIT_EXTRACT,Mark 67,Mark 49,buy,5263.0,14,73682.0,5262.0,2.0,tight,early,5264.5,5264.5,9994.0,2.5,2.5,0.0,5263.5,5263.5,9993.0,1.5,1.5,-1.0,5255.0,5255.0,9990.0,-7.0,-7.0,-4.0,1.6363636363636365,-0.13636363636363646
1,252400,VELVETFRUIT_EXTRACT,Mark 55,Mark 14,buy,5267.0,6,31602.0,5264.5,5.0,mid,early,5265.5,5265.5,9998.0,1.0,1.0,4.0,5265.0,5265.0,9990.0,0.5,0.5,-4.0,5253.0,5253.0,9995.0,-11.5,-11.5,1.0,0.41842105263157897,0.08157894736842103
1,252500,HYDROGEL_PACK,Mark 14,Mark 38,sell,9988.0,3,29964.0,9996.0,16.0,tight,early,9995.0,5264.5,9995.0,-1.0,0.0,-1.0,9992.0,5264.5,9992.0,-4.0,0.0,-4.0,9998.0,5254.5,9998.0,2.0,-10.0,2.0,-0.5844594594594594,0.5844594594594594
1,252500,VEV_5300,Mark 01,Mark 22,sell,53.0,2,106.0,54.0,2.0,mid,early,54.0,5264.5,9995.0,0.0,0.0,-1.0,54.0,5264.5,9992.0,0.0,0.0,-4.0,50.0,5254.5,9998.0,-4.0,-10.0,2.0,0.41964285714285715,-0.41964285714285715
1,252500,VEV_5400,Mark 01,Mark 22,sell,19.0,2,38.0,20.0,2.0,wide,early,20.0,5264.5,9995.0,0.0,0.0,-1.0,20.0,5264.5,9992.0,0.0,0.0,-4.0,18.0,5254.5,9998.0,-2.0,-10.0,2.0,0.08024691358024691,-0.08024691358024691
1,252500,VEV_5500,Mark 01,Mark 22,sell,8.0,2,16.0,9.0,2.0,wide,early,9.0,5264.5,9995.0,0.0,0.0,-1.0,9.0,5264.5,9992.0,0.0,0.0,-4.0,8.0,5254.5,9998.0,-1.0,-10.0,2.0,0.08333333333333333,-0.08333333333333333
1,252500,VEV_6000,Mark 01,Mark 22,sell,0.0,2,0.0,0.5,1.0,tight,early,0.5,5264.5,9995.0,0.0,0.0,-1.0,0.5,5264.5,9992.0,0.0,0.0,-4.0,0.5,5254.5,9998.0,0.0,-10.0,2.0,0.11052631578947368,-0.11052631578947368
1,252500,VEV_6500,Mark 01,Mark 22,sell,0.0,2,0.0,0.5,1.0,tight,early,0.5,5264.5,9995.0,0.0,0.0,-1.0,0.5,5264.5,9992.0,0.0,0.0,-4.0,0.5,5254.5,9998.0,0.0,-10.0,2.0,0.11052631578947368,-0.11052631578947368
1,253900,VELVETFRUIT_EXTRACT,Mark 55,Mark 14,buy,5266.0,3,15798.0,5263.5,5.0,mid,early,5265.0,5265.0,9990.0,1.5,1.5,-3.0,5264.5,5264.5,9978.0,1.0,1.0,-15.0,5254.5,5254.5,10009.5,-9.0,-9.0,16.5,0.41578947368421054,0.5842105263157895
1,254700,HYDROGEL_PACK,Mark 38,Mark 14,buy,9997.0,5,49985.0,9992.5,9.0,tight,early,9985.0,5264.0,9985.0,-7.5,1.0,-7.5,9979.0,5265.5,9979.0,-13.5,2.5,-13.5,10001.0,5251.5,10001.0,8.5,-11.5,8.5,0.2014388489208633,2.2985611510791366
1,255000,HYDROGEL_PACK,Mark 14,Mark 38,sell,9980.0,4,39920.0,9988.0,16.0,tight,early,9978.0,5262.5,9978.0,-10.0,-0.5,-10.0,9979.0,5265.5,9979.0,-9.0,2.5,-9.0,10001.0,5253.5,10001.0,13.0,-9.5,13.0,-0.6013513513513513,3.1013513513513513
1,255300,HYDROGEL_PACK,Mark 14,Mark 38,sell,9973.0,2,19946.0,9981.0,16.0,tight,early,9975.0,5264.5,9975.0,-6.0,0.5,-6.0,9973.0,5263.5,9973.0,-8.0,-0.5,-8.0,10002.0,5251.0,10002.0,21.0,-13.0,21.0,-0.581081081081081,0.08108108108108103
1,255400,HYDROGEL_PACK,Mark 14,Mark 38,sell,9973.0,3,29919.0,9981.0,16.0,tight,early,9978.0,5264.5,9978.0,-3.0,1.5,-3.0,9973.0,5264.5,9973.0,-8.0,1.5,-8.0,10000.0,5249.0,10000.0,19.0,-14.0,19.0,-0.5945945945945946,2.0945945945945947
1,258400,VELVETFRUIT_EXTRACT,Mark 67,Mark 22,buy,5257.0,8,42056.0,5256.0,2.0,tight,early,5258.0,5258.0,9970.0,2.0,2.0,1.0,5253.5,5253.5,9984.0,-2.5,-2.5,15.0,5246.5,5246.5,9993.0,-9.5,-9.5,24.0,2.0878378378378377,-4.587837837837838
1,262200,VELVETFRUIT_EXTRACT,Mark 01,Mark 55,sell,5250.0,4,21000.0,5252.5,5.0,mid,early,5257.5,5257.5,9998.0,5.0,5.0,3.0,5252.5,5252.5,10005.0,0.0,0.0,10.0,5259.5,5259.5,9975.0,7.0,7.0,-20.0,0.4375,-0.4375
1,262300,HYDROGEL_PACK,Mark 38,Mark 14,buy,10005.0,4,40020.0,9997.0,16.0,mid,early,10000.0,5255.5,10000.0,3.0,1.0,3.0,10002.0,5252.5,10002.0,5.0,-2.0,5.0,9975.0,5260.5,9975.0,-22.0,6.0,-22.0,-0.568075117370892,-1.431924882629108
1,262800,HYDROGEL_PACK,Mark 38,Mark 14,buy,10008.0,2,20016.0,10000.0,16.0,mid,early,10003.0,5256.5,10003.0,3.0,1.0,3.0,10000.0,5252.5,10000.0,0.0,-3.0,0.0,9975.0,5262.5,9975.0,-25.0,7.0,-25.0,-0.5633802816901409,-2.436619718309859
1,263100,VEV_4000,Mark 38,Mark 14,buy,1268.0,3,3804.0,1257.5,21.0,mid,early,1253.5,5253.5,10002.0,-4.0,-4.0,-4.0,1252.5,5252.5,9999.0,-5.0,-5.0,-7.0,1260.5,5260.5,9979.0,3.0,3.0,-27.0,0.5470588235294118,-5.547058823529412
1,263900,VELVETFRUIT_EXTRACT,Mark 55,Mark 14,buy,5257.0,7,36799.0,5254.5,5.0,mid,early,5252.5,5252.5,10004.0,-2.0,-2.0,-5.5,5250.5,5250.5,9995.0,-4.0,-4.0,-14.5,5259.5,5259.5,9982.0,5.0,5.0,-27.5,0.4421052631578947,-4.442105263157894
1,265400,VELVETFRUIT_EXTRACT,Mark 67,Mark 49,buy,5250.0,9,47250.0,5249.0,2.0,tight,early,5250.5,5250.5,9995.0,1.5,1.5,-5.0,5250.5,5250.5,9996.0,1.5,1.5,-4.0,5258.5,5258.5,9986.0,9.5,9.5,-14.0,1.6363636363636365,-0.13636363636363646
1,265600,VELVETFRUIT_EXTRACT,Mark 14,Mark 55,sell,5248.0,5,26240.0,5250.5,5.0,mid,early,5251.0,5251.0,9995.0,0.5,0.5,-1.0,5249.0,5249.0,9995.0,-1.5,-1.5,-1.0,5259.5,5259.5,9988.0,9.0,9.0,-8.0,-0.7328042328042328,-0.7671957671957672
1,265800,VELVETFRUIT_EXTRACT,Mark 55,Mark 14,buy,5252.0,7,36764.0,5249.5,5.0,mid,early,5252.5,5252.5,9991.0,3.0,3.0,-4.0,5247.5,5247.5,9992.0,-2.0,-2.0,-3.0,5258.5,5258.5,9986.0,9.0,9.0,-9.0,0.43157894736842106,-2.431578947368421
1,265900,VEV_4000,Mark 14,Mark 38,sell,1240.0,1,1240.0,1250.5,21.0,mid,early,1250.5,5250.5,9994.0,0.0,0.0,-1.0,1246.5,5247.5,9991.0,-4.0,-3.0,-4.0,1257.5,5257.5,9985.0,7.0,7.0,-10.0,-0.15168539325842698,-2.848314606741573
1,266300,HYDROGEL_PACK,Mark 38,Mark 14,buy,9999.0,4,39996.0,9991.0,16.0,mid,early,9992.0,5249.5,9992.0,1.0,-3.0,1.0,9992.0,5246.5,9992.0,1.0,-6.0,1.0,9985.0,5252.5,9985.0,-6.0,0.0,-6.0,-0.5492957746478874,-5.450704225352113
1,266500,VELVETFRUIT_EXTRACT,Mark 55,Mark 01,buy,5253.0,5,26265.0,5250.0,6.0,wide,early,5250.5,5250.5,9991.0,0.5,0.5,2.0,5246.5,5246.5,9992.0,-3.5,-3.5,3.0,5254.0,5254.0,9986.0,4.0,4.0,-3.0,0.6870503597122302,-4.18705035971223
1,266600,HYDROGEL_PACK,Mark 38,Mark 14,buy,9997.0,4,39988.0,9989.0,16.0,mid,early,9990.0,5251.0,9990.0,1.0,2.5,1.0,9989.0,5247.5,9989.0,0.0,-1.0,0.0,9983.0,5252.5,9983.0,-6.0,4.0,-6.0,-0.5727699530516432,-0.42723004694835676
1,267400,VELVETFRUIT_EXTRACT,Mark 55,Mark 14,buy,5253.0,3,15759.0,5250.5,5.0,mid,early,5247.5,5247.5,9991.0,-3.0,-3.0,-5.0,5250.5,5250.5,9983.0,0.0,0.0,-13.0,5251.5,5251.5,9986.0,1.0,1.0,-10.0,0.42105263157894735,-0.42105263157894735
1,268300,VEV_4000,Mark 38,Mark 14,buy,1257.0,2,2514.0,1246.5,21.0,mid,early,1246.5,5246.5,9985.0,0.0,0.0,-7.0,1253.5,5254.0,9982.0,7.0,7.5,-10.0,1255.5,5255.5,9976.0,9.0,9.0,-16.0,0.4,7.1
1,268700,VELVETFRUIT_EXTRACT,Mark 55,Mark 14,buy,5251.0,5,26255.0,5248.5,5.0,mid,early,5250.0,5250.0,9982.0,1.5,1.5,-6.0,5259.0,5259.0,9983.0,10.5,10.5,-5.0,5255.0,5255.0,9980.0,6.5,6.5,-8.0,0.36578947368421055,10.134210526315789
1,269300,HYDROGEL_PACK,Mark 14,Mark 38,sell,9973.0,3,29919.0,9981.0,16.0,mid,early,9982.0,5251.0,9982.0,1.0,1.5,1.0,9980.0,5257.5,9980.0,-1.0,8.0,-1.0,9975.0,5256.5,9975.0,-6.0,7.0,-6.0,0.028645833333333332,7.971354166666667
1,269300,VELVETFRUIT_EXTRACT,Mark 01,Mark 55,sell,5247.0,5,26235.0,5249.5,5.0,mid,early,5251.0,5251.0,9982.0,1.5,1.5,1.0,5257.5,5257.5,9980.0,8.0,8.0,-1.0,5256.5,5256.5,9975.0,7.0,7.0,-6.0,0.3541666666666667,7.645833333333333
1,271600,VEV_4000,Mark 14,Mark 38,sell,1248.0,1,1248.0,1258.5,21.0,mid,early,1259.5,5259.5,9973.0,1.0,0.5,-6.0,1261.0,5261.0,9980.0,2.5,2.0,1.0,1257.5,5257.5,9964.0,-1.0,-1.5,-15.0,-0.20786516853932585,2.207865168539326
1,272600,VELVETFRUIT_EXTRACT,Mark 67,Mark 22,buy,5261.0,7,36827.0,5260.0,2.0,tight,early,5260.5,5260.5,9979.0,0.5,0.5,3.0,5258.5,5258.5,9981.5,-1.5,-1.5,5.5,5261.5,5261.5,9972.0,1.5,1.5,-4.0,2.074324324324324,-3.574324324324324
1,274600,HYDROGEL_PACK,Mark 38,Mark 14,buy,9989.0,2,19978.0,9981.5,15.0,tight,early,9984.5,5256.5,9984.5,3.0,-2.0,3.0,9983.0,5252.5,9983.0,1.5,-6.0,1.5,9972.0,5261.5,9972.0,-9.5,3.0,-9.5,0.26258992805755393,-6.262589928057554
1,275300,VELVETFRUIT_EXTRACT,Mark 55,Mark 01,buy,5259.0,8,42072.0,5257.5,3.0,tight,early,5258.5,5258.5,9986.0,1.0,1.0,0.0,5251.5,5251.5,9986.0,-6.0,-6.0,0.0,5264.5,5264.5,9971.0,7.0,7.0,-15.0,-1.3392857142857142,-4.660714285714286
1,275700,HYDROGEL_PACK,Mark 38,Mark 14,buy,9996.0,2,19992.0,9988.0,16.0,mid,early,9984.0,5254.0,9984.0,-4.0,-5.5,-4.0,9979.0,5251.5,9979.0,-9.0,-8.0,-9.0,9974.0,5264.5,9974.0,-14.0,5.0,-14.0,-0.539906103286385,-7.460093896713615
1,276500,VELVETFRUIT_EXTRACT,Mark 55,Mark 14,buy,5255.0,7,36785.0,5254.0,2.0,tight,early,5251.5,5251.5,9984.0,-2.5,-2.5,-2.0,5255.5,5255.5,9980.0,1.5,1.5,-6.0,5265.5,5265.5,9969.0,11.5,11.5,-17.0,0.5789473684210527,0.9210526315789473
1,277400,VELVETFRUIT_EXTRACT,Mark 55,Mark 14,buy,5254.0,4,21016.0,5251.5,5.0,mid,early,5253.0,5253.0,9982.0,1.5,1.5,-4.0,5258.5,5258.5,9973.0,7.0,7.0,-13.0,5266.5,5266.5,9966.0,15.0,15.0,-20.0,0.38421052631578945,6.61578947368421
1,278300,VELVETFRUIT_EXTRACT,Mark 55,Mark 14,buy,5258.0,5,26290.0,5255.5,5.0,mid,early,5256.5,5256.5,9978.0,1.0,1.0,2.0,5258.5,5258.5,9967.0,3.0,3.0,-9.0,5265.5,5265.5,9953.5,10.0,10.0,-22.5,0.4052631578947368,2.594736842105263
1,279600,VELVETFRUIT_EXTRACT,Mark 55,Mark 01,buy,5260.0,4,21040.0,5257.0,6.0,wide,early,5261.0,5261.0,9966.0,4.0,4.0,-11.0,5257.5,5257.5,9964.0,0.5,0.5,-13.0,5268.0,5268.0,9951.0,11.0,11.0,-26.0,0.658273381294964,-0.15827338129496404
1,280500,HYDROGEL_PACK,Mark 38,Mark 14,buy,9973.0,2,19946.0,9965.0,16.0,mid,early,9960.0,5255.5,9960.0,-5.0,0.0,-5.0,9971.0,5261.5,9971.0,6.0,6.0,6.0,9952.0,5271.0,9952.0,-13.0,15.5,-13.0,-0.6056338028169014,6.605633802816901
1,281100,HYDROGEL_PACK,Mark 14,Mark 38,sell,9952.0,3,29856.0,9960.0,16.0,mid,early,9964.0,5257.5,9964.0,4.0,3.0,4.0,9971.0,5258.5,9971.0,11.0,4.0,11.0,9958.0,5273.5,9958.0,-2.0,19.0,-2.0,0.049479166666666664,3.9505208333333335
1,281400,VELVETFRUIT_EXTRACT,Mark 67,Mark 49,buy,5253.0,15,78795.0,5252.5,1.0,tight,early,5256.5,5256.5,9968.0,4.0,4.0,5.0,5256.5,5256.5,9972.0,4.0,4.0,9.0,5273.0,5273.0,9954.0,20.5,20.5,-9.0,1.6079545454545454,2.3920454545454546
1,281500,VEV_4000,Mark 38,Mark 14,buy,1267.0,1,1267.0,1256.5,21.0,mid,early,1257.5,5255.5,9970.0,1.0,-1.0,6.0,1256.5,5256.5,9973.0,0.0,0.0,9.0,1274.0,5274.5,9956.0,17.5,18.0,-8.0,0.48823529411764705,-0.48823529411764705
1,282200,HYDROGEL_PACK,Mark 38,Mark 14,buy,9979.0,2,19958.0,9971.0,16.0,mid,early,9969.0,5260.0,9969.0,-2.0,-2.5,-2.0,9976.0,5261.5,9976.0,5.0,-1.0,5.0,9954.0,5272.5,9954.0,-17.0,10.0,-17.0,-0.5727699530516432,-0.42723004694835676
1,282200,VELVETFRUIT_EXTRACT,Mark 14,Mark 55,sell,5260.0,7,36820.0,5262.5,5.0,mid,early,5260.0,5260.0,9969.0,-2.5,-2.5,-2.0,5261.5,5261.5,9976.0,-1.0,-1.0,5.0,5272.5,5272.5,9954.0,10.0,10.0,-17.0,-0.7354497354497355,-0.26455026455026454
1,283400,VELVETFRUIT_EXTRACT,Mark 55,Mark 14,buy,5259.0,7,36813.0,5256.5,5.0,mid,early,5260.5,5260.5,9972.0,4.0,4.0,0.0,5264.5,5264.5,9973.0,8.0,8.0,1.0,5271.0,5271.0,9959.0,14.5,14.5,-13.0,0.37894736842105264,7.621052631578947
1,285400,HYDROGEL_PACK,Mark 14,Mark 38,sell,9965.0,5,49825.0,9973.0,16.0,mid,early,9978.0,5263.0,9978.0,5.0,-1.5,5.0,9966.0,5266.5,9966.0,-7.0,2.0,-7.0,9952.0,5275.0,9952.0,-21.0,10.5,-21.0,0.059895833333333336,1.9401041666666667
1,286300,VELVETFRUIT_EXTRACT,Mark 55,Mark 01,buy,5266.0,6,31596.0,5263.0,6.0,wide,early,5265.5,5265.5,9969.0,2.5,2.5,-1.0,5265.5,5265.5,9953.5,2.5,2.5,-16.5,5274.5,5274.5,9952.0,11.5,11.5,-18.0,0.6438848920863309,1.856115107913669
1,286600,VEV_4000,Mark 38,Mark 14,buy,1277.0,2,2554.0,1266.5,21.0,mid,early,1267.5,5267.5,9964.0,1.0,1.0,-7.0,1266.5,5266.5,9959.5,0.0,0.0,-11.5,1274.5,5274.5,9950.0,8.0,8.0,-21.0,0.48823529411764705,-0.48823529411764705
1,288800,VEV_4000,Mark 38,Mark 14,buy,1278.0,1,1278.0,1267.5,21.0,mid,early,1267.0,5267.0,9953.0,-0.5,-0.5,-5.0,1273.5,5273.5,9956.0,6.0,6.0,-2.0,1267.5,5267.5,9947.0,0.0,0.0,-11.0,0.4176470588235294,5.58235294117647
1,289100,VELVETFRUIT_EXTRACT,Mark 55,Mark 14,buy,5271.0,5,26355.0,5268.5,5.0,mid,early,5268.0,5268.0,9951.0,-0.5,-0.5,-2.0,5273.5,5273.5,9958.0,5.0,5.0,5.0,5268.5,5268.5,9953.0,0.0,0.0,0.0,0.39473684210526316,4.605263157894737
1,289200,VELVETFRUIT_EXTRACT,Mark 67,Mark 49,buy,5266.0,11,57926.0,5265.5,1.0,tight,early,5269.5,5269.5,9951.0,4.0,4.0,-1.0,5273.5,5273.5,9954.0,8.0,8.0,2.0,5268.0,5268.0,9950.0,2.5,2.5,-2.0,1.5625,6.4375
1,290900,HYDROGEL_PACK,Mark 38,Mark 14,buy,9965.0,3,29895.0,9957.0,16.0,mid,early,9954.0,5273.0,9954.0,-3.0,0.5,-3.0,9960.0,5272.5,9960.0,3.0,0.0,3.0,9953.0,5271.5,9953.0,-4.0,-1.0,-4.0,-0.5774647887323944,0.5774647887323944
1,291400,VELVETFRUIT_EXTRACT,Mark 55,Mark 49,buy,5274.0,5,26370.0,5273.0,2.0,tight,early,5271.5,5271.5,9951.0,-1.5,-1.5,-3.0,5271.0,5271.0,9959.0,-2.0,-2.0,5.0,5268.5,5268.5,9956.0,-4.5,-4.5,2.0,3.25,-5.25
1,291800,VELVETFRUIT_EXTRACT,Mark 67,Mark 22,buy,5270.0,5,26350.0,5269.0,2.0,tight,early,5272.5,5272.5,9952.0,3.5,3.5,2.0,5270.5,5270.5,9956.0,1.5,1.5,6.0,5268.5,5268.5,9948.0,-0.5,-0.5,-2.0,2.0337837837837838,-0.5337837837837838
1,292400,VELVETFRUIT_EXTRACT,Mark 55,Mark 01,buy,5275.0,8,42200.0,5272.0,6.0,wide,early,5272.5,5272.5,9960.0,0.5,0.5,7.0,5275.0,5275.0,9955.0,3.0,3.0,2.0,5269.5,5269.5,9944.0,-2.5,-2.5,-9.0,0.6402877697841727,2.3597122302158273
1,292800,HYDROGEL_PACK,Mark 14,Mark 38,sell,9951.0,6,59706.0,9959.0,16.0,mid,early,9961.0,5271.5,9961.0,2.0,-1.0,2.0,9951.0,5277.5,9951.0,-8.0,5.0,-8.0,9947.0,5270.5,9947.0,-12.0,-2.0,-12.0,0.044270833333333336,4.955729166666667
1,295000,HYDROGEL_PACK,Mark 38,Mark 14,buy,9959.0,5,49795.0,9951.0,16.0,mid,early,9953.0,5274.0,9953.0,2.0,-1.5,2.0,9950.0,5273.5,9950.0,-1.0,-2.0,-1.0,9959.0,5263.5,9959.0,8.0,-12.0,8.0,-0.568075117370892,-1.431924882629108
1,296900,VELVETFRUIT_EXTRACT,Mark 01,Mark 55,sell,5270.0,5,26350.0,5273.0,6.0,wide,early,5272.5,5272.5,9951.0,-0.5,-0.5,-2.5,5268.5,5268.5,9953.0,-4.5,-4.5,-0.5,5266.5,5266.5,9962.0,-6.5,-6.5,8.5,-0.208,-4.292
1,297100,HYDROGEL_PACK,Mark 38,Mark 14,buy,9958.0,3,29874.0,9950.0,16.0,mid,early,9949.0,5272.5,9949.0,-1.0,-1.0,-1.0,9953.0,5268.5,9953.0,3.0,-5.0,3.0,9960.0,5268.5,9960.0,10.0,-5.0,10.0,-0.5539906103286385,-4.446009389671362
1,297400,VELVETFRUIT_EXTRACT,Mark 55,Mark 14,buy,5275.0,4,21100.0,5272.5,5.0,mid,early,5271.0,5271.0,9945.0,-1.5,-1.5,-6.0,5272.0,5272.0,9949.0,-0.5,-0.5,-2.0,5271.5,5271.5,9956.0,-1.0,-1.0,5.0,0.4236842105263158,-0.9236842105263158
1,297500,VEV_4000,Mark 14,Mark 38,sell,1262.0,1,1262.0,1273.0,22.0,wide,early,1270.5,5270.5,9946.0,-2.5,-2.0,-6.0,1270.5,5270.5,9951.0,-2.5,-2.0,-1.0,1272.5,5272.5,9953.0,-0.5,0.0,1.0,-0.3333333333333333,-1.6666666666666667
1,301100,HYDROGEL_PACK,Mark 38,Mark 14,buy,9966.0,3,29898.0,9958.0,16.0,mid,early,9953.5,5270.5,9953.5,-4.5,0.5,-4.5,9946.0,5266.5,9946.0,-12.0,-3.5,-12.0,9929.0,5264.5,9929.0,-29.0,-5.5,-29.0,-0.5610328638497653,-2.938967136150235
1,301300,HYDROGEL_PACK,Mark 38,Mark 14,buy,9967.0,2,19934.0,9959.0,16.0,mid,early,9948.0,5268.5,9948.0,-11.0,-3.0,-11.0,9946.0,5266.5,9946.0,-13.0,-5.0,-13.0,9931.5,5264.5,9931.5,-27.5,-7.0,-27.5,-0.5539906103286385,-4.446009389671362
1,302400,HYDROGEL_PACK,Mark 14,Mark 38,sell,9936.0,6,59616.0,9944.0,16.0,mid,early,9944.0,5267.5,9944.0,0.0,-2.0,0.0,9953.0,5265.5,9953.0,9.0,-4.0,9.0,9930.0,5266.5,9930.0,-14.0,-3.0,-14.0,0.09114583333333333,-4.091145833333333
1,304000,VEV_5400,Mark 01,Mark 22,sell,19.0,3,57.0,20.0,2.0,wide,early,20.0,5266.0,9955.0,0.0,0.0,5.0,19.5,5264.5,9953.0,-0.5,-1.5,3.0,18.0,5257.5,9932.0,-2.0,-8.5,-18.0,0.09876543209876543,-1.5987654320987654
1,304000,VEV_5500,Mark 01,Mark 22,sell,8.0,3,24.0,8.5,1.0,tight,early,8.5,5266.0,9955.0,0.0,0.0,5.0,8.5,5264.5,9953.0,0.0,-1.5,3.0,7.5,5257.5,9932.0,-1.0,-8.5,-18.0,0.07386363636363637,-1.5738636363636365
1,304000,VEV_6000,Mark 01,Mark 22,sell,0.0,3,0.0,0.5,1.0,tight,early,0.5,5266.0,9955.0,0.0,0.0,5.0,0.5,5264.5,9953.0,0.0,-1.5,3.0,0.5,5257.5,9932.0,0.0,-8.5,-18.0,0.12631578947368421,-1.6263157894736842
1,304000,VEV_6500,Mark 01,Mark 22,sell,0.0,3,0.0,0.5,1.0,tight,early,0.5,5266.0,9955.0,0.0,0.0,5.0,0.5,5264.5,9953.0,0.0,-1.5,3.0,0.5,5257.5,9932.0,0.0,-8.5,-18.0,0.12631578947368421,-1.6263157894736842
1,304200,HYDROGEL_PACK,Mark 14,Mark 38,sell,9944.0,2,19888.0,9952.0,16.0,mid,early,9959.0,5268.0,9959.0,7.0,1.5,7.0,9957.0,5265.5,9957.0,5.0,-1.0,5.0,9935.0,5256.0,9935.0,-17.0,-10.5,-17.0,0.07552083333333333,-1.0755208333333333
1,306500,HYDROGEL_PACK,Mark 38,Mark 14,buy,9967.0,5,49835.0,9959.0,16.0,mid,early,9961.0,5266.5,9961.0,2.0,1.5,2.0,9951.0,5270.5,9951.0,-8.0,5.5,-8.0,9932.0,5247.5,9932.0,-27.0,-17.5,-27.0,-0.6032863849765259,6.103286384976526
1,307100,VEV_4000,Mark 38,Mark 14,buy,1279.0,1,1279.0,1268.5,21.0,mid,early,1271.0,5271.5,9953.0,2.5,3.0,-7.0,1267.0,5267.5,9946.0,-1.5,-1.0,-14.0,1246.5,5246.5,9937.0,-22.0,-22.0,-23.0,0.5,-1.5
1,307500,VELVETFRUIT_EXTRACT,Mark 55,Mark 01,buy,5275.0,8,42200.0,5272.5,5.0,mid,early,5271.0,5271.0,9951.0,-1.5,-1.5,-2.0,5265.5,5265.5,9941.0,-7.0,-7.0,-12.0,5247.5,5247.5,9943.0,-25.0,-25.0,-10.0,-0.5405405405405406,-6.45945945945946
1,308000,HYDROGEL_PACK,Mark 14,Mark 38,sell,9943.0,3,29829.0,9951.0,16.0,mid,early,9951.0,5270.5,9951.0,0.0,-0.5,0.0,9936.0,5267.5,9936.0,-15.0,-3.5,-15.0,9940.0,5246.5,9940.0,-11.0,-24.5,-11.0,0.08854166666666667,-3.5885416666666665
1,308100,HYDROGEL_PACK,Mark 14,Mark 38,sell,9945.0,4,39780.0,9953.0,16.0,mid,early,9952.0,5269.5,9952.0,-1.0,-0.5,-1.0,9935.0,5268.5,9935.0,-18.0,-1.5,-18.0,9941.0,5247.5,9941.0,-12.0,-22.5,-12.0,0.078125,-1.578125
1,308100,VELVETFRUIT_EXTRACT,Mark 67,Mark 22,buy,5271.0,6,31626.0,5270.0,2.0,tight,early,5269.5,5269.5,9952.0,-0.5,-0.5,-1.0,5268.5,5268.5,9935.0,-1.5,-1.5,-18.0,5247.5,5247.5,9941.0,-22.5,-22.5,-12.0,2.074324324324324,-3.574324324324324
1,309500,VELVETFRUIT_EXTRACT,Mark 55,Mark 01,buy,5268.0,4,21072.0,5265.5,5.0,mid,early,5267.5,5267.5,9936.0,2.0,2.0,-5.0,5264.5,5264.5,9930.0,-1.0,-1.0,-11.0,5247.0,5247.0,9949.0,-18.5,-18.5,8.0,-0.6216216216216216,-0.3783783783783784
