day;timestamp;product;bid_price_1;bid_volume_1;bid_price_2;bid_volume_2;bid_price_3;bid_volume_3;ask_price_1;ask_volume_1;ask_price_2;ask_volume_2;ask_price_3;ask_volume_3;mid_price;profit_and_loss
39;0;VEV_4500;759;7;757;14;;;775;7;777;14;;;767.0;0.0
39;100;VEV_4500;757;10;756;14;;;774;10;776;14;;;765.5;-9.36029052734375
39;200;VEV_4500;758;8;756;15;;;774;8;776;15;;;766.0;-9.16241455078125
39;300;VEV_4500;758;9;756;17;;;774;9;776;17;;;766.0;-8.75787353515625
39;400;VEV_4500;757;8;755;14;;;773;8;775;14;;;765.0;-10.2825927734375
39;500;VEV_4500;755;7;753;16;;;771;7;773;16;;;763.0;-11.79449462890625
39;600;VEV_4500;761;5;754;9;752;14;770;9;772;14;;;765.5;-13.05499267578125
39;700;VEV_4500;754;7;753;15;;;771;7;773;15;;;762.5;-12.46795654296875
39;800;VEV_4500;755;9;753;13;;;771;9;773;13;;;763.0;-12.21771240234375
39;900;VEV_4500;755;6;753;19;;;771;6;773;19;;;763.0;-12.1448974609375
39;1000;VEV_4500;755;12;753;12;;;771;12;773;12;;;763.0;-12.22503662109375
39;1100;VEV_4500;756;8;754;15;;;772;8;774;15;;;764.0;-11.27978515625
39;1200;VEV_4500;754;8;752;16;;;770;8;772;16;;;762.0;-12.661865234375
39;1300;VEV_4500;754;6;752;15;;;770;6;772;15;;;762.0;-12.92193603515625
39;1400;VEV_4500;756;12;754;14;;;772;12;774;14;;;764.0;-10.94488525390625
39;1500;VEV_4500;757;10;755;23;;;773;10;775;23;;;765.0;-10.24761962890625
39;1600;VEV_4500;757;7;755;13;;;773;7;775;13;;;765.0;-10.277587890625
39;1700;VEV_4500;758;6;756;13;;;774;6;776;13;;;766.0;-8.984130859375
39;1800;VEV_4500;758;6;756;21;;;774;6;776;21;;;766.0;-9.2415771484375
39;1900;VEV_4500;758;11;756;14;;;775;11;776;14;;;766.5;-8.6207275390625
39;2000;VEV_4500;760;9;758;14;;;776;9;778;14;;;768.0;-6.848876953125
39;2100;VEV_4500;761;9;759;13;;;778;9;779;13;;;769.5;-5.67169189453125
39;2200;VEV_4500;760;6;758;12;;;776;6;778;12;;;768.0;-6.77801513671875
39;2300;VEV_4500;761;10;759;15;;;777;10;779;15;;;769.0;-6.04083251953125
39;2400;VEV_4500;762;7;760;13;;;778;7;780;13;;;770.0;-4.76885986328125
39;2500;VEV_4500;764;10;762;13;;;780;10;782;13;;;772.0;-2.7889404296875
39;2600;VEV_4500;764;9;762;13;;;781;9;783;13;;;772.5;-2.3526611328125
39;2700;VEV_4500;764;8;762;14;;;780;8;782;14;;;772.0;-2.99676513671875
39;2800;VEV_4500;763;8;761;14;;;780;8;782;14;;;771.5;-3.5621337890625
39;2900;VEV_4500;761;7;759;17;;;778;7;780;17;;;769.5;-5.5826416015625
39;3000;VEV_4500;762;9;760;13;;;779;9;781;13;;;770.5;-4.57684326171875
39;3100;VEV_4500;764;11;762;16;;;780;11;782;16;;;772.0;-2.74420166015625
39;3200;VEV_4500;765;8;763;22;;;781;8;783;22;;;773.0;-2.09820556640625
39;3300;VEV_4500;765;6;763;12;;;782;6;784;12;;;773.5;-1.3675537109375
39;3400;VEV_4500;766;10;764;24;;;783;10;785;24;;;774.5;-0.51531982421875
39;3500;VEV_4500;765;12;763;21;;;782;12;783;21;;;773.5;-1.7120361328125
39;3600;VEV_4500;766;12;764;15;;;782;12;784;15;;;774.0;-0.94378662109375
39;3700;VEV_4500;765;9;763;13;;;782;9;784;13;;;773.5;-1.586181640625
39;3800;VEV_4500;766;8;764;22;;;782;8;784;22;;;774.0;-1.1246337890625
39;3900;VEV_4500;766;6;764;16;;;782;6;784;16;;;774.0;-1.090087890625
39;4000;VEV_4500;765;6;763;16;;;781;6;783;16;;;773.0;-2.1815185546875
39;4100;VEV_4500;765;10;764;22;;;782;10;784;22;;;773.5;-1.2908935546875
39;4200;VEV_4500;766;7;764;13;;;783;7;785;13;;;774.5;-0.57275390625
39;4300;VEV_4500;766;9;764;21;;;783;9;785;21;;;774.5;-0.624267578125
39;4400;VEV_4500;764;12;762;20;;;781;12;783;20;;;772.5;-2.63775634765625
39;4500;VEV_4500;764;7;762;13;;;780;7;782;13;;;772.0;-2.787841796875
39;4600;VEV_4500;763;6;761;18;;;779;6;781;18;;;771.0;-4.16790771484375
39;4700;VEV_4500;763;11;761;18;;;779;11;781;18;;;771.0;-4.03448486328125
39;4800;VEV_4500;762;11;761;15;;;779;11;781;15;;;770.5;-4.31842041015625
39;4900;VEV_4500;765;8;763;21;;;781;8;783;21;;;773.0;-2.11614990234375
39;5000;VEV_4500;765;9;763;23;;;781;9;783;23;;;773.0;-1.9044189453125
39;5100;VEV_4500;765;9;763;16;;;781;9;783;16;;;773.0;-2.0177001953125
39;5200;VEV_4500;765;12;763;24;;;781;12;783;24;;;773.0;-2.00103759765625
39;5300;VEV_4500;765;11;763;18;;;782;11;784;18;;;773.5;-1.52764892578125
39;5400;VEV_4500;765;10;763;18;;;781;10;783;18;;;773.0;-1.989013671875
39;5500;VEV_4500;768;7;766;21;;;784;7;786;21;;;776.0;0.80938720703125
39;5600;VEV_4500;768;9;766;12;;;784;9;786;12;;;776.0;1.092529296875
39;5700;VEV_4500;768;10;766;15;;;784;10;786;15;;;776.0;0.9732666015625
39;5800;VEV_4500;766;11;764;13;;;783;11;785;13;;;774.5;-0.48944091796875
39;5900;VEV_4500;767;7;765;13;;;783;7;785;13;;;775.0;-0.16351318359375
39;6000;VEV_4500;767;11;765;16;;;784;11;786;16;;;775.5;0.4090576171875
39;6100;VEV_4500;767;8;765;19;;;783;8;785;19;;;775.0;0.03436279296875
39;6200;VEV_4500;767;12;765;12;;;784;12;786;12;;;775.5;0.3671875
39;6300;VEV_4500;766;8;764;13;;;783;8;785;13;;;774.5;-0.42584228515625
39;6400;VEV_4500;765;11;764;15;;;782;11;784;15;;;773.5;-1.2646484375
39;6500;VEV_4500;765;7;763;15;;;782;7;784;15;;;773.5;-1.5433349609375
39;6600;VEV_4500;765;10;763;14;;;781;10;783;14;;;773.0;-1.99957275390625
39;6700;VEV_4500;764;9;762;20;;;781;9;783;20;;;772.5;-2.61724853515625
39;6800;VEV_4500;764;8;762;24;;;781;8;783;24;;;772.5;-2.50634765625
39;6900;VEV_4500;765;8;763;16;;;782;8;784;16;;;773.5;-1.556396484375
39;7000;VEV_4500;764;9;762;14;;;780;9;782;14;;;772.0;-2.96435546875
39;7100;VEV_4500;762;7;760;22;;;779;7;781;22;;;770.5;-4.48480224609375
39;7200;VEV_4500;763;7;761;12;;;779;7;781;12;;;771.0;-4.26177978515625
39;7300;VEV_4500;763;11;761;22;;;779;11;781;22;;;771.0;-3.98223876953125
39;7400;VEV_4500;765;7;763;22;;;781;7;783;22;;;773.0;-2.2449951171875
39;7500;VEV_4500;766;8;764;22;;;782;8;784;22;;;774.0;-1.01708984375
39;7600;VEV_4500;764;12;762;12;;;780;12;782;12;;;772.0;-2.86907958984375
39;7700;VEV_4500;765;11;763;17;;;781;11;783;17;;;773.0;-2.0142822265625
39;7800;VEV_4500;770;2;763;12;761;23;779;12;781;23;;;774.5;-4.057861328125
39;7900;VEV_4500;763;9;762;16;;;780;9;782;16;;;771.5;-3.29571533203125
39;8000;VEV_4500;763;11;761;23;;;779;11;781;23;;;771.0;-4.22955322265625
39;8100;VEV_4500;762;10;760;17;;;779;10;781;17;;;770.5;-4.60150146484375
39;8200;VEV_4500;762;10;760;21;;;778;10;780;21;;;770.0;-5.02679443359375
39;8300;VEV_4500;761;6;759;23;;;778;6;780;23;;;769.5;-5.43280029296875
39;8400;VEV_4500;763;8;761;23;;;779;8;781;23;;;771.0;-3.9649658203125
39;8500;VEV_4500;762;12;761;24;;;779;12;781;24;;;770.5;-4.3629150390625
39;8600;VEV_4500;762;9;761;18;;;779;9;781;18;;;770.5;-4.30377197265625
39;8700;VEV_4500;760;10;759;16;;;777;10;779;16;;;768.5;-6.3389892578125
39;8800;VEV_4500;760;8;758;21;;;776;8;778;21;;;768.0;-7.15728759765625
39;8900;VEV_4500;759;6;758;16;;;776;6;778;16;;;767.5;-7.37554931640625
39;9000;VEV_4500;759;11;757;14;;;775;11;777;14;;;767.0;-7.87310791015625
39;9100;VEV_4500;758;6;757;15;;;775;6;777;15;;;766.5;-8.3427734375
39;9200;VEV_4500;758;12;756;24;;;774;12;776;24;;;766.0;-8.919677734375
39;9300;VEV_4500;757;7;755;20;;;774;7;775;20;;;765.5;-9.585205078125
39;9400;VEV_4500;756;12;754;15;;;772;12;774;15;;;764.0;-10.82977294921875
39;9500;VEV_4500;755;9;753;13;;;771;9;773;13;;;763.0;-11.81817626953125
39;9600;VEV_4500;755;9;753;22;;;771;9;773;22;;;763.0;-12.23895263671875
39;9700;VEV_4500;754;7;752;18;;;771;7;772;18;;;762.5;-12.55810546875
39;9800;VEV_4500;754;12;752;18;;;771;12;772;18;;;762.5;-12.5894775390625
39;9900;VEV_4500;754;8;752;14;;;770;8;772;14;;;762.0;-13.0184326171875
39;10000;VEV_4500;755;8;753;13;;;771;8;773;13;;;763.0;-12.18218994140625
39;10100;VEV_4500;755;9;753;13;;;771;9;773;13;;;763.0;-12.0675048828125
39;10200;VEV_4500;754;11;752;16;;;770;11;772;16;;;762.0;-12.96087646484375
39;10300;VEV_4500;753;11;751;22;;;769;11;771;22;;;761.0;-14.25970458984375
39;10400;VEV_4500;754;6;752;21;;;770;6;772;21;;;762.0;-13.03900146484375
39;10500;VEV_4500;753;11;751;23;;;769;11;771;23;;;761.0;-13.70062255859375
39;10600;VEV_4500;753;10;751;20;;;769;10;771;20;;;761.0;-13.99420166015625
39;10700;VEV_4500;754;8;752;14;;;771;8;772;14;;;762.5;-12.56988525390625
39;10800;VEV_4500;753;9;751;13;;;769;9;771;13;;;761.0;-14.02130126953125
39;10900;VEV_4500;753;11;751;17;;;770;11;771;17;;;761.5;-13.54608154296875
39;11000;VEV_4500;755;12;753;22;;;771;12;773;22;;;763.0;-12.31243896484375
39;11100;VEV_4500;756;11;754;19;;;772;11;774;19;;;764.0;-11.0997314453125
39;11200;VEV_4500;757;8;755;19;;;773;8;775;19;;;765.0;-10.3519287109375
39;11300;VEV_4500;757;9;755;14;;;773;9;775;14;;;765.0;-9.8868408203125
39;11400;VEV_4500;759;9;757;15;;;775;9;777;15;;;767.0;-8.1463623046875
39;11500;VEV_4500;759;11;757;15;;;775;11;777;15;;;767.0;-7.73681640625
39;11600;VEV_4500;758;12;756;21;;;775;12;777;21;;;766.5;-8.553466796875
39;11700;VEV_4500;759;7;757;12;;;775;7;777;12;;;767.0;-8.11029052734375
39;11800;VEV_4500;758;12;756;21;;;774;12;776;21;;;766.0;-9.16668701171875
39;11900;VEV_4500;759;9;757;19;;;776;9;778;19;;;767.5;-7.52740478515625
39;12000;VEV_4500;760;6;758;12;;;777;6;779;12;;;768.5;-6.44171142578125
39;12100;VEV_4500;760;6;759;17;;;777;6;779;17;;;768.5;-6.3355712890625
39;12200;VEV_4500;760;11;758;12;;;777;11;778;12;;;768.5;-6.6162109375
39;12300;VEV_4500;760;12;758;20;;;777;12;779;20;;;768.5;-6.5863037109375
39;12400;VEV_4500;759;6;757;17;;;775;6;777;17;;;767.0;-8.1715087890625
39;12500;VEV_4500;759;8;757;16;;;775;8;777;16;;;767.0;-7.8389892578125
39;12600;VEV_4500;759;11;757;21;;;775;11;777;21;;;767.0;-8.18603515625
39;12700;VEV_4500;758;8;756;22;;;775;8;777;22;;;766.5;-8.5311279296875
39;12800;VEV_4500;758;12;756;24;;;774;12;776;24;;;766.0;-9.316162109375
39;12900;VEV_4500;758;12;756;20;;;774;12;776;20;;;766.0;-8.75238037109375
39;13000;VEV_4500;757;12;755;12;;;774;12;776;12;;;765.5;-9.564208984375
39;13100;VEV_4500;758;8;756;15;;;765;3;774;8;776;15;761.5;-9.0955810546875
39;13200;VEV_4500;759;11;757;17;;;775;11;777;17;;;767.0;-7.84893798828125
39;13300;VEV_4500;760;8;758;22;;;776;8;778;22;;;768.0;-7.2611083984375
39;13400;VEV_4500;759;12;757;20;;;775;12;777;20;;;767.0;-8.08587646484375
39;13500;VEV_4500;757;6;755;19;;;773;6;775;19;;;765.0;-9.96307373046875
39;13600;VEV_4500;757;9;755;14;;;774;9;776;14;;;765.5;-9.49249267578125
39;13700;VEV_4500;757;10;755;22;;;773;10;775;22;;;765.0;-9.83282470703125
39;13800;VEV_4500;758;6;756;18;;;774;6;776;18;;;766.0;-9.25323486328125
39;13900;VEV_4500;758;11;757;19;;;775;11;777;19;;;766.5;-8.4036865234375
39;14000;VEV_4500;758;8;756;22;;;774;8;776;22;;;766.0;-8.7923583984375
39;14100;VEV_4500;758;12;757;24;;;775;12;777;24;;;766.5;-8.3646240234375
39;14200;VEV_4500;758;7;756;12;;;775;7;776;12;;;766.5;-8.62255859375
39;14300;VEV_4500;759;7;757;13;;;776;7;778;13;;;767.5;-7.58203125
39;14400;VEV_4500;758;11;756;19;;;775;11;777;19;;;766.5;-8.480224609375
39;14500;VEV_4500;757;6;755;22;;;774;6;776;22;;;765.5;-9.5001220703125
39;14600;VEV_4500;756;11;754;14;;;772;11;774;14;;;764.0;-11.06365966796875
39;14700;VEV_4500;758;10;756;18;;;774;10;776;18;;;766.0;-8.7432861328125
39;14800;VEV_4500;759;10;757;21;;;775;10;777;21;;;767.0;-8.05279541015625
39;14900;VEV_4500;758;8;756;15;;;775;8;777;15;;;766.5;-8.56561279296875
39;15000;VEV_4500;758;9;756;18;;;775;9;776;18;;;766.5;-8.5941162109375
39;15100;VEV_4500;760;10;758;16;;;776;10;778;16;;;768.0;-6.87152099609375
39;15200;VEV_4500;760;7;758;17;;;777;7;779;17;;;768.5;-6.49859619140625
39;15300;VEV_4500;761;9;759;14;;;777;9;779;14;;;769.0;-6.02996826171875
39;15400;VEV_4500;760;6;758;16;;;776;6;778;16;;;768.0;-6.7427978515625
39;15500;VEV_4500;760;6;758;20;;;776;6;778;20;;;768.0;-6.88702392578125
39;15600;VEV_4500;762;7;760;13;;;779;7;780;13;;;770.5;-4.63116455078125
39;15700;VEV_4500;762;6;760;18;;;778;6;780;18;;;770.0;-5.08367919921875
39;15800;VEV_4500;761;6;760;14;;;778;6;780;14;;;769.5;-5.33673095703125
39;15900;VEV_4500;762;6;761;20;;;779;6;781;20;;;770.5;-4.336669921875
39;16000;VEV_4500;763;9;761;12;;;779;9;781;12;;;771.0;-4.18927001953125
39;16100;VEV_4500;763;11;761;20;;;780;11;781;20;;;771.5;-3.654052734375
39;16200;VEV_4500;763;12;761;22;;;779;12;781;22;;;771.0;-3.94012451171875
39;16300;VEV_4500;764;12;762;16;;;780;12;782;16;;;772.0;-2.88909912109375
39;16400;VEV_4500;765;9;763;13;;;781;9;783;13;;;773.0;-1.9725341796875
39;16500;VEV_4500;764;8;762;17;;;780;8;782;17;;;772.0;-2.75982666015625
39;16600;VEV_4500;765;10;763;14;;;781;10;783;14;;;773.0;-1.85565185546875
39;16700;VEV_4500;765;11;763;23;;;781;11;783;23;;;773.0;-1.9637451171875
39;16800;VEV_4500;765;10;763;15;;;781;10;783;15;;;773.0;-1.92803955078125
39;16900;VEV_4500;765;10;763;18;;;782;10;784;18;;;773.5;-1.54718017578125
39;17000;VEV_4500;765;8;763;13;;;782;8;784;13;;;773.5;-1.40252685546875
39;17100;VEV_4500;765;10;763;14;;;782;10;784;14;;;773.5;-1.46307373046875
39;17200;VEV_4500;766;8;765;18;;;783;8;785;18;;;774.5;-0.2950439453125
39;17300;VEV_4500;767;9;765;13;;;784;9;786;13;;;775.5;0.398193359375
39;17400;VEV_4500;768;11;766;15;;;785;11;787;15;;;776.5;1.362060546875
39;17500;VEV_4500;768;12;766;15;;;784;12;786;15;;;776.0;1.218994140625
39;17600;VEV_4500;767;10;765;13;;;784;10;785;13;;;775.5;0.25469970703125
39;17700;VEV_4500;765;8;763;18;;;782;8;784;18;;;773.5;-1.41204833984375
39;17800;VEV_4500;765;11;763;15;;;782;11;784;15;;;773.5;-1.65179443359375
39;17900;VEV_4500;765;12;763;20;;;782;12;784;20;;;773.5;-1.45184326171875
39;18000;VEV_4500;767;8;765;23;;;783;8;785;23;;;775.0;0.2161865234375
39;18100;VEV_4500;766;11;764;20;;;783;11;785;20;;;774.5;-0.3902587890625
39;18200;VEV_4500;767;12;765;16;;;783;12;785;16;;;775.0;-0.22528076171875
39;18300;VEV_4500;767;9;765;16;;;783;9;785;16;;;775.0;-0.24725341796875
39;18400;VEV_4500;765;7;763;16;;;781;7;783;16;;;773.0;-1.74200439453125
39;18500;VEV_4500;765;8;764;20;;;782;8;784;20;;;773.5;-1.31365966796875
39;18600;VEV_4500;763;12;761;21;;;780;12;781;21;;;771.5;-3.68109130859375
39;18700;VEV_4500;763;7;761;23;;;779;7;781;23;;;771.0;-3.7919921875
39;18800;VEV_4500;762;9;760;12;;;779;9;780;12;;;770.5;-4.666015625
39;18900;VEV_4500;763;10;761;24;;;779;10;781;24;;;771.0;-3.93536376953125
39;19000;VEV_4500;762;10;760;17;;;778;10;780;17;;;770.0;-5.19891357421875
39;19100;VEV_4500;769;2;761;8;759;17;777;8;779;17;;;773.0;-5.8553466796875
39;19200;VEV_4500;761;12;759;15;;;778;12;780;15;;;769.5;-5.48321533203125
39;19300;VEV_4500;762;12;760;23;;;778;12;780;23;;;770.0;-5.124755859375
39;19400;VEV_4500;761;11;759;24;;;777;11;779;24;;;769.0;-5.80908203125
39;19500;VEV_4500;761;9;759;13;;;777;9;779;13;;;769.0;-6.216064453125
39;19600;VEV_4500;761;7;759;13;;;777;7;779;13;;;769.0;-6.01617431640625
39;19700;VEV_4500;759;9;757;13;;;776;9;777;13;;;767.5;-7.6251220703125
39;19800;VEV_4500;759;8;757;18;;;775;8;777;18;;;767.0;-8.2894287109375
39;19900;VEV_4500;761;10;759;15;;;777;10;779;15;;;769.0;-6.16094970703125
39;20000;VEV_4500;761;10;760;19;;;778;10;780;19;;;769.5;-5.36724853515625
39;20100;VEV_4500;760;11;758;22;;;777;11;779;22;;;768.5;-6.45892333984375
39;20200;VEV_4500;761;7;759;19;;;777;7;779;19;;;769.0;-5.78399658203125
39;20300;VEV_4500;760;10;758;13;;;777;10;779;13;;;768.5;-6.58538818359375
39;20400;VEV_4500;761;9;759;21;;;777;9;779;21;;;769.0;-5.7503662109375
39;20500;VEV_4500;760;12;758;19;;;777;12;779;19;;;768.5;-6.59637451171875
39;20600;VEV_4500;759;7;757;15;;;776;7;778;15;;;767.5;-7.4168701171875
39;20700;VEV_4500;760;12;758;19;;;776;12;778;19;;;768.0;-6.68548583984375
39;20800;VEV_4500;761;11;759;23;;;778;11;780;23;;;769.5;-5.5126953125
39;20900;VEV_4500;762;6;760;19;;;770;5;779;6;781;19;766.0;-4.511962890625
39;21000;VEV_4500;762;8;760;14;;;779;8;781;14;;;770.5;-4.37713623046875
39;21100;VEV_4500;761;10;759;20;;;777;10;779;20;;;769.0;-6.06060791015625
39;21200;VEV_4500;761;8;759;22;;;778;8;780;22;;;769.5;-5.59368896484375
39;21300;VEV_4500;763;12;761;21;;;779;12;781;21;;;771.0;-4.0672607421875
39;21400;VEV_4500;763;8;761;19;;;779;8;781;19;;;771.0;-3.9263916015625
39;21500;VEV_4500;763;8;761;24;;;780;8;782;24;;;771.5;-3.6083984375
39;21600;VEV_4500;764;9;762;17;;;780;9;782;17;;;772.0;-3.19024658203125
39;21700;VEV_4500;764;6;762;21;;;780;6;782;21;;;772.0;-3.24395751953125
39;21800;VEV_4500;764;12;762;22;;;781;12;783;22;;;772.5;-2.35003662109375
39;21900;VEV_4500;764;10;762;13;;;781;10;783;13;;;772.5;-2.36846923828125
39;22000;VEV_4500;763;9;761;16;;;780;9;782;16;;;771.5;-3.395751953125
39;22100;VEV_4500;763;10;761;21;;;779;10;781;21;;;771.0;-4.28253173828125
39;22200;VEV_4500;762;12;760;23;;;778;12;780;23;;;770.0;-4.78485107421875
39;22300;VEV_4500;762;9;760;14;;;778;9;780;14;;;770.0;-4.93603515625
39;22400;VEV_4500;761;6;760;21;;;778;6;780;21;;;769.5;-5.36383056640625
39;22500;VEV_4500;761;10;759;12;;;778;10;780;12;;;769.5;-5.51025390625
39;22600;VEV_4500;761;12;759;23;;;778;12;779;23;;;769.5;-5.620361328125
39;22700;VEV_4500;760;12;758;22;;;777;12;779;22;;;768.5;-6.512451171875
39;22800;VEV_4500;760;6;758;16;;;776;6;778;16;;;768.0;-7.06878662109375
39;22900;VEV_4500;760;6;758;13;;;776;6;778;13;;;768.0;-6.93243408203125
39;23000;VEV_4500;759;6;757;13;;;775;6;777;13;;;767.0;-7.87353515625
39;23100;VEV_4500;759;11;757;13;;;775;11;777;13;;;767.0;-7.95489501953125
39;23200;VEV_4500;758;11;756;21;;;775;11;777;21;;;766.5;-8.5784912109375
39;23300;VEV_4500;757;12;755;20;;;773;12;775;20;;;765.0;-10.2674560546875
39;23400;VEV_4500;755;8;753;24;;;771;8;773;24;;;763.0;-11.74658203125
39;23500;VEV_4500;756;8;754;16;;;763;2;772;8;774;16;759.5;-11.04779052734375
39;23600;VEV_4500;755;7;753;19;;;771;7;773;19;;;763.0;-12.29290771484375
39;23700;VEV_4500;756;12;754;22;;;772;12;774;22;;;764.0;-11.05712890625
39;23800;VEV_4500;756;6;754;24;;;772;6;774;24;;;764.0;-11.24365234375
39;23900;VEV_4500;757;7;755;20;;;773;7;775;20;;;765.0;-9.8997802734375
39;24000;VEV_4500;757;7;755;15;;;773;7;775;15;;;765.0;-9.81195068359375
39;24100;VEV_4500;756;7;755;19;;;773;7;775;19;;;764.5;-10.37493896484375
39;24200;VEV_4500;757;8;755;20;;;773;8;775;20;;;765.0;-9.74322509765625
39;24300;VEV_4500;757;6;755;15;;;773;6;775;15;;;765.0;-9.9500732421875
39;24400;VEV_4500;758;12;756;21;;;774;12;776;21;;;766.0;-8.8717041015625
39;24500;VEV_4500;758;8;756;15;;;774;8;776;15;;;766.0;-8.75225830078125
39;24600;VEV_4500;765;4;757;7;755;12;773;7;775;12;;;769.0;-9.850830078125
39;24700;VEV_4500;758;6;756;15;;;774;6;776;15;;;766.0;-9.0435791015625
39;24800;VEV_4500;758;9;756;19;;;774;9;776;19;;;766.0;-8.9195556640625
39;24900;VEV_4500;758;7;756;14;;;774;7;776;14;;;766.0;-9.0775146484375
39;25000;VEV_4500;757;9;755;17;;;774;9;775;17;;;765.5;-9.6258544921875
39;25100;VEV_4500;758;11;756;14;;;774;11;776;14;;;766.0;-8.92852783203125
39;25200;VEV_4500;759;11;757;22;;;775;11;777;22;;;767.0;-7.90771484375
39;25300;VEV_4500;757;11;755;19;;;774;11;776;19;;;765.5;-9.50830078125
39;25400;VEV_4500;758;7;756;12;;;775;7;776;12;;;766.5;-8.6522216796875
39;25500;VEV_4500;758;10;756;24;;;774;10;776;24;;;766.0;-8.71929931640625
39;25600;VEV_4500;759;12;757;21;;;775;12;777;21;;;767.0;-8.2283935546875
39;25700;VEV_4500;758;8;756;14;;;774;8;776;14;;;766.0;-8.8404541015625
39;25800;VEV_4500;758;11;756;12;;;774;11;776;12;;;766.0;-9.058837890625
39;25900;VEV_4500;759;9;757;22;;;775;9;777;22;;;767.0;-8.24554443359375
39;26000;VEV_4500;760;11;758;23;;;776;11;778;23;;;768.0;-7.20880126953125
39;26100;VEV_4500;759;9;757;24;;;776;9;778;24;;;767.5;-7.58612060546875
39;26200;VEV_4500;758;6;756;15;;;774;6;776;15;;;766.0;-9.2393798828125
39;26300;VEV_4500;758;7;756;14;;;774;7;776;14;;;766.0;-9.29754638671875
39;26400;VEV_4500;758;9;756;14;;;775;9;776;14;;;766.5;-8.65789794921875
39;26500;VEV_4500;758;8;756;17;;;775;8;776;17;;;766.5;-8.62762451171875
39;26600;VEV_4500;758;7;756;12;;;775;7;777;12;;;766.5;-8.5560302734375
39;26700;VEV_4500;759;8;757;19;;;776;8;777;19;;;767.5;-7.6600341796875
39;26800;VEV_4500;759;9;757;24;;;776;9;777;24;;;767.5;-7.63592529296875
39;26900;VEV_4500;760;8;758;23;;;776;8;778;23;;;768.0;-7.072021484375
39;27000;VEV_4500;758;8;756;13;;;774;8;776;13;;;766.0;-8.755859375
39;27100;VEV_4500;758;6;756;17;;;774;6;776;17;;;766.0;-9.031005859375
39;27200;VEV_4500;757;8;755;21;;;773;8;775;21;;;765.0;-10.3167724609375
39;27300;VEV_4500;757;6;755;13;;;773;6;775;13;;;765.0;-9.7362060546875
39;27400;VEV_4500;756;11;754;21;;;772;11;774;21;;;764.0;-11.02484130859375
39;27500;VEV_4500;757;8;755;21;;;773;8;775;21;;;765.0;-10.07080078125
39;27600;VEV_4500;758;9;756;23;;;774;9;776;23;;;766.0;-9.31475830078125
39;27700;VEV_4500;758;6;756;22;;;774;6;776;22;;;766.0;-9.30419921875
39;27800;VEV_4500;756;12;754;19;;;773;12;774;19;;;764.5;-10.57623291015625
39;27900;VEV_4500;756;6;754;13;;;772;6;774;13;;;764.0;-11.23553466796875
39;28000;VEV_4500;754;8;753;18;;;771;8;773;18;;;762.5;-12.41204833984375
39;28100;VEV_4500;757;6;755;13;;;774;6;776;13;;;765.5;-9.4720458984375
39;28200;VEV_4500;759;9;757;12;;;775;9;777;12;;;767.0;-8.28509521484375
39;28300;VEV_4500;758;10;756;21;;;775;10;777;21;;;766.5;-8.421875
39;28400;VEV_4500;759;8;757;22;;;775;8;777;22;;;767.0;-8.2998046875
39;28500;VEV_4500;759;12;757;18;;;775;12;777;18;;;767.0;-8.31927490234375
39;28600;VEV_4500;759;11;757;13;;;775;11;777;13;;;767.0;-7.95806884765625
39;28700;VEV_4500;759;11;757;18;;;775;11;777;18;;;767.0;-8.22833251953125
39;28800;VEV_4500;758;8;756;21;;;774;8;776;21;;;766.0;-9.16253662109375
39;28900;VEV_4500;758;8;756;22;;;774;8;776;22;;;766.0;-9.20489501953125
39;29000;VEV_4500;757;8;755;19;;;773;8;775;19;;;765.0;-9.722900390625
39;29100;VEV_4500;758;10;756;17;;;774;10;776;17;;;766.0;-8.8916015625
39;29200;VEV_4500;758;10;757;12;;;775;10;777;12;;;766.5;-8.37823486328125
39;29300;VEV_4500;758;9;756;24;;;774;9;776;24;;;766.0;-9.0489501953125
39;29400;VEV_4500;758;7;756;12;;;774;7;776;12;;;766.0;-8.71832275390625
39;29500;VEV_4500;758;8;756;17;;;766;2;775;8;776;17;762.0;-8.5965576171875
39;29600;VEV_4500;757;12;755;13;;;773;12;775;13;;;765.0;-10.012451171875
39;29700;VEV_4500;757;8;755;19;;;773;8;775;19;;;765.0;-10.12420654296875
39;29800;VEV_4500;757;10;755;14;;;773;10;775;14;;;765.0;-10.1634521484375
39;29900;VEV_4500;757;11;755;12;;;773;11;775;12;;;765.0;-9.7265625
39;30000;VEV_4500;756;9;754;14;;;772;9;774;14;;;764.0;-10.88739013671875
39;30100;VEV_4500;756;12;754;15;;;772;12;774;15;;;764.0;-10.7783203125
39;30200;VEV_4500;755;6;753;13;;;771;6;773;13;;;763.0;-11.72552490234375
39;30300;VEV_4500;762;4;754;12;752;23;771;12;772;23;;;766.5;-12.57330322265625
39;30400;VEV_4500;754;7;752;24;;;770;7;772;24;;;762.0;-12.91729736328125
39;30500;VEV_4500;755;6;753;15;;;771;6;773;15;;;763.0;-12.1087646484375
39;30600;VEV_4500;753;9;751;13;;;769;9;771;13;;;761.0;-13.64581298828125
39;30700;VEV_4500;752;6;751;19;;;769;6;771;19;;;760.5;-14.4542236328125
39;30800;VEV_4500;751;8;749;19;;;767;8;769;19;;;759.0;-15.769775390625
39;30900;VEV_4500;752;6;750;20;;;769;6;770;20;;;760.5;-14.5848388671875
39;31000;VEV_4500;750;10;749;19;;;767;10;769;19;;;758.5;-16.42462158203125
39;31100;VEV_4500;751;10;749;23;;;767;10;769;23;;;759.0;-16.2027587890625
39;31200;VEV_4500;750;10;748;19;;;766;10;768;19;;;758.0;-16.6702880859375
39;31300;VEV_4500;752;9;750;19;;;769;9;770;19;;;760.5;-14.57257080078125
39;31400;VEV_4500;753;10;751;20;;;769;10;771;20;;;761.0;-14.01171875
39;31500;VEV_4500;753;10;751;16;;;769;10;771;16;;;761.0;-13.81512451171875
39;31600;VEV_4500;753;6;751;16;;;770;6;771;16;;;761.5;-13.6103515625
39;31700;VEV_4500;754;9;752;18;;;771;9;773;18;;;762.5;-12.50921630859375
39;31800;VEV_4500;754;8;752;22;;;771;8;772;22;;;762.5;-12.55950927734375
39;31900;VEV_4500;755;11;754;21;;;772;11;774;21;;;763.5;-11.41387939453125
39;32000;VEV_4500;756;11;754;17;;;773;11;774;17;;;764.5;-10.61505126953125
39;32100;VEV_4500;757;11;755;21;;;773;11;775;21;;;765.0;-9.9974365234375
39;32200;VEV_4500;757;11;755;19;;;773;11;775;19;;;765.0;-9.9237060546875
39;32300;VEV_4500;758;9;756;22;;;774;9;776;22;;;766.0;-8.70989990234375
39;32400;VEV_4500;758;12;756;12;;;774;12;776;12;;;766.0;-8.82794189453125
39;32500;VEV_4500;758;8;756;12;;;775;8;777;12;;;766.5;-8.42596435546875
39;32600;VEV_4500;758;6;756;15;;;775;6;776;15;;;766.5;-8.60467529296875
39;32700;VEV_4500;758;12;756;15;;;774;12;776;15;;;766.0;-8.70782470703125
39;32800;VEV_4500;759;8;757;12;;;775;8;777;12;;;767.0;-8.1715087890625
39;32900;VEV_4500;758;8;757;16;;;775;8;777;16;;;766.5;-8.35040283203125
39;33000;VEV_4500;760;10;758;12;;;777;10;779;12;;;768.5;-6.432861328125
39;33100;VEV_4500;761;8;759;21;;;777;8;779;21;;;769.0;-5.83270263671875
39;33200;VEV_4500;759;11;757;24;;;776;11;777;24;;;767.5;-7.659912109375
39;33300;VEV_4500;760;8;758;21;;;776;8;778;21;;;768.0;-6.81256103515625
39;33400;VEV_4500;761;9;759;23;;;777;9;779;23;;;769.0;-5.9532470703125
39;33500;VEV_4500;760;7;758;18;;;777;7;779;18;;;768.5;-6.5499267578125
39;33600;VEV_4500;760;12;758;17;;;777;12;778;17;;;768.5;-6.66156005859375
39;33700;VEV_4500;760;10;758;17;;;777;10;779;17;;;768.5;-6.43780517578125
39;33800;VEV_4500;761;11;759;21;;;777;11;779;21;;;769.0;-5.97821044921875
39;33900;VEV_4500;762;12;760;15;;;778;12;780;15;;;770.0;-4.8095703125
39;34000;VEV_4500;762;9;760;13;;;778;9;780;13;;;770.0;-4.78411865234375
39;34100;VEV_4500;764;9;762;19;;;780;9;782;19;;;772.0;-3.2354736328125
39;34200;VEV_4500;765;9;763;20;;;781;9;783;20;;;773.0;-2.24761962890625
39;34300;VEV_4500;764;10;762;23;;;781;10;783;23;;;772.5;-2.5028076171875
39;34400;VEV_4500;764;8;762;14;;;780;8;782;14;;;772.0;-3.04388427734375
39;34500;VEV_4500;763;12;761;21;;;780;12;781;21;;;771.5;-3.69354248046875
39;34600;VEV_4500;762;12;760;18;;;779;12;781;18;;;770.5;-4.37017822265625
39;34700;VEV_4500;762;10;760;23;;;778;10;780;23;;;770.0;-4.80059814453125
39;34800;VEV_4500;760;6;759;20;;;777;6;779;20;;;768.5;-6.32623291015625
39;34900;VEV_4500;760;9;758;21;;;776;9;778;21;;;768.0;-6.69708251953125
39;35000;VEV_4500;758;11;756;21;;;774;11;776;21;;;766.0;-8.75738525390625
39;35100;VEV_4500;759;10;757;14;;;775;10;777;14;;;767.0;-7.934326171875
39;35200;VEV_4500;766;2;759;9;757;12;775;9;777;12;;;770.5;-8.27850341796875
39;35300;VEV_4500;759;11;758;14;;;776;11;778;14;;;767.5;-7.38140869140625
39;35400;VEV_4500;761;12;759;21;;;777;12;779;21;;;769.0;-5.9921875
39;35500;VEV_4500;761;7;759;24;;;777;7;779;24;;;769.0;-6.069091796875
39;35600;VEV_4500;761;10;759;21;;;777;10;779;21;;;769.0;-6.01544189453125
39;35700;VEV_4500;759;7;757;19;;;776;7;778;19;;;767.5;-7.44677734375
39;35800;VEV_4500;758;7;756;13;;;774;7;776;13;;;766.0;-8.720703125
39;35900;VEV_4500;759;9;757;13;;;775;9;777;13;;;767.0;-8.0921630859375
39;36000;VEV_4500;759;12;757;17;;;775;12;777;17;;;767.0;-7.91632080078125
39;36100;VEV_4500;760;11;758;21;;;776;11;778;21;;;768.0;-6.89154052734375
39;36200;VEV_4500;760;8;758;18;;;776;8;778;18;;;768.0;-6.83642578125
39;36300;VEV_4500;758;6;756;15;;;775;6;777;15;;;766.5;-8.44024658203125
39;36400;VEV_4500;760;9;758;16;;;776;9;778;16;;;768.0;-6.84844970703125
39;36500;VEV_4500;760;12;758;19;;;776;12;778;19;;;768.0;-6.7518310546875
39;36600;VEV_4500;760;6;758;20;;;777;6;779;20;;;768.5;-6.44952392578125
39;36700;VEV_4500;759;8;757;14;;;776;8;778;14;;;767.5;-7.56622314453125
39;36800;VEV_4500;757;12;755;16;;;774;12;775;16;;;765.5;-9.596435546875
39;36900;VEV_4500;757;12;755;13;;;774;12;775;13;;;765.5;-9.643798828125
39;37000;VEV_4500;756;8;755;17;;;773;8;775;17;;;764.5;-10.41339111328125
39;37100;VEV_4500;759;8;757;14;;;775;8;777;14;;;767.0;-8.2430419921875
39;37200;VEV_4500;761;6;759;14;;;777;6;779;14;;;769.0;-6.2401123046875
39;37300;VEV_4500;759;8;757;16;;;775;8;777;16;;;767.0;-7.85302734375
39;37400;VEV_4500;758;7;756;15;;;774;7;776;15;;;766.0;-9.115234375
39;37500;VEV_4500;758;11;756;16;;;774;11;776;16;;;766.0;-8.8406982421875
39;37600;VEV_4500;757;12;755;16;;;773;12;775;16;;;765.0;-9.680419921875
39;37700;VEV_4500;760;10;758;22;;;776;10;778;22;;;768.0;-7.31475830078125
39;37800;VEV_4500;759;7;757;16;;;775;7;777;16;;;767.0;-8.140380859375
39;37900;VEV_4500;758;6;757;19;;;775;6;777;19;;;766.5;-8.3673095703125
39;38000;VEV_4500;759;7;757;17;;;775;7;777;17;;;767.0;-8.15106201171875
39;38100;VEV_4500;759;6;757;17;;;775;6;777;17;;;767.0;-8.20794677734375
39;38200;VEV_4500;759;8;757;12;;;775;8;777;12;;;767.0;-8.2900390625
39;38300;VEV_4500;759;6;757;21;;;776;6;777;21;;;767.5;-7.5938720703125
39;38400;VEV_4500;759;6;757;20;;;775;6;777;20;;;767.0;-7.8460693359375
39;38500;VEV_4500;759;7;757;16;;;775;7;777;16;;;767.0;-7.90472412109375
39;38600;VEV_4500;759;12;757;21;;;775;12;777;21;;;767.0;-8.095458984375
39;38700;VEV_4500;759;12;757;17;;;776;12;778;17;;;767.5;-7.45440673828125
39;38800;VEV_4500;759;6;757;18;;;775;6;777;18;;;767.0;-8.019287109375
39;38900;VEV_4500;759;7;757;15;;;775;7;777;15;;;767.0;-7.8988037109375
39;39000;VEV_4500;759;9;757;21;;;775;9;777;21;;;767.0;-8.02587890625
39;39100;VEV_4500;759;12;757;19;;;775;12;777;19;;;767.0;-8.00701904296875
39;39200;VEV_4500;757;10;755;18;;;774;10;775;18;;;765.5;-9.58551025390625
39;39300;VEV_4500;764;3;756;8;754;18;772;8;774;18;;;768.0;-10.91729736328125
39;39400;VEV_4500;757;9;755;18;;;773;9;775;18;;;765.0;-10.1353759765625
39;39500;VEV_4500;756;9;754;17;;;772;9;774;17;;;764.0;-10.80963134765625
39;39600;VEV_4500;756;11;754;22;;;772;11;774;22;;;764.0;-10.99774169921875
39;39700;VEV_4500;754;6;752;19;;;770;6;772;19;;;762.0;-13.287109375
39;39800;VEV_4500;760;5;753;6;751;19;769;6;771;19;;;764.5;-14.1192626953125
39;39900;VEV_4500;752;12;750;15;;;769;12;770;15;;;760.5;-14.51995849609375
39;40000;VEV_4500;753;6;751;12;;;769;6;771;12;;;761.0;-13.65179443359375
39;40100;VEV_4500;752;12;750;22;;;768;12;770;22;;;760.0;-14.6396484375
39;40200;VEV_4500;752;9;750;24;;;768;9;770;24;;;760.0;-15.393798828125
39;40300;VEV_4500;751;10;749;16;;;767;10;769;16;;;759.0;-15.636962890625
39;40400;VEV_4500;751;9;749;15;;;767;9;769;15;;;759.0;-16.3701171875
39;40500;VEV_4500;750;9;748;23;;;766;9;768;23;;;758.0;-16.991943359375
39;40600;VEV_4500;749;8;747;18;;;765;8;767;18;;;757.0;-18.0091552734375
39;40700;VEV_4500;747;11;745;20;;;763;11;765;20;;;755.0;-20.19366455078125
39;40800;VEV_4500;747;9;745;21;;;763;9;765;21;;;755.0;-20.03326416015625
39;40900;VEV_4500;745;6;743;19;;;761;6;763;19;;;753.0;-21.5860595703125
39;41000;VEV_4500;746;12;744;20;;;762;12;764;20;;;754.0;-20.680419921875
39;41100;VEV_4500;746;7;744;21;;;762;7;764;21;;;754.0;-21.16357421875
39;41200;VEV_4500;745;12;743;17;;;761;12;763;17;;;753.0;-22.277099609375
39;41300;VEV_4500;745;8;743;23;;;761;8;763;23;;;753.0;-21.81365966796875
39;41400;VEV_4500;745;7;743;18;;;761;7;763;18;;;753.0;-21.904052734375
39;41500;VEV_4500;743;11;742;15;;;760;11;761;15;;;751.5;-23.48876953125
39;41600;VEV_4500;743;11;741;20;;;759;11;761;20;;;751.0;-24.051513671875
39;41700;VEV_4500;743;11;741;22;;;759;11;761;22;;;751.0;-23.73681640625
39;41800;VEV_4500;744;9;742;16;;;760;9;762;16;;;752.0;-22.9267578125
39;41900;VEV_4500;742;10;740;21;;;750;2;758;10;760;21;746.0;-24.66009521484375
39;42000;VEV_4500;741;9;740;20;;;757;9;759;20;;;749.0;-25.5523681640625
39;42100;VEV_4500;743;7;741;20;;;759;7;761;20;;;751.0;-23.90667724609375
39;42200;VEV_4500;745;10;743;13;;;761;10;763;13;;;753.0;-22.29931640625
39;42300;VEV_4500;746;6;744;18;;;762;6;764;18;;;754.0;-20.79241943359375
39;42400;VEV_4500;746;10;744;12;;;762;10;764;12;;;754.0;-21.41326904296875
39;42500;VEV_4500;746;8;744;22;;;762;8;764;22;;;754.0;-21.2164306640625
39;42600;VEV_4500;746;12;744;22;;;762;12;764;22;;;754.0;-20.830078125
39;42700;VEV_4500;745;7;743;22;;;761;7;763;22;;;753.0;-22.05181884765625
39;42800;VEV_4500;745;12;743;19;;;761;12;763;19;;;753.0;-22.11639404296875
39;42900;VEV_4500;745;6;743;14;;;753;4;761;6;763;14;749.0;-21.69317626953125
39;43000;VEV_4500;745;7;743;17;;;761;7;763;17;;;753.0;-22.12750244140625
39;43100;VEV_4500;745;8;743;14;;;761;8;763;14;;;753.0;-22.07012939453125
39;43200;VEV_4500;745;9;743;13;;;761;9;763;13;;;753.0;-21.98846435546875
39;43300;VEV_4500;745;6;743;19;;;761;6;763;19;;;753.0;-22.2110595703125
39;43400;VEV_4500;746;11;744;19;;;762;11;764;19;;;754.0;-21.1827392578125
39;43500;VEV_4500;744;10;742;14;;;760;10;762;14;;;752.0;-23.05859375
39;43600;VEV_4500;744;12;743;23;;;761;12;762;23;;;752.5;-22.48779296875
39;43700;VEV_4500;744;9;742;13;;;760;9;761;13;;;752.0;-23.443359375
39;43800;VEV_4500;742;7;740;12;;;758;7;760;12;;;750.0;-24.8612060546875
39;43900;VEV_4500;743;7;741;17;;;759;7;761;17;;;751.0;-24.1810302734375
39;44000;VEV_4500;743;9;742;24;;;759;9;761;24;;;751.0;-23.58984375
39;44100;VEV_4500;745;6;743;17;;;761;6;763;17;;;753.0;-21.99810791015625
39;44200;VEV_4500;746;6;744;12;;;762;6;764;12;;;754.0;-21.10205078125
39;44300;VEV_4500;746;10;744;22;;;762;10;764;22;;;754.0;-20.8214111328125
39;44400;VEV_4500;747;8;745;19;;;763;8;765;19;;;755.0;-20.08099365234375
39;44500;VEV_4500;748;10;746;17;;;764;10;766;17;;;756.0;-19.1900634765625
39;44600;VEV_4500;749;12;747;19;;;765;12;767;19;;;757.0;-18.04827880859375
39;44700;VEV_4500;750;12;748;24;;;766;12;768;24;;;758.0;-17.37261962890625
39;44800;VEV_4500;750;12;748;17;;;766;12;768;17;;;758.0;-16.91546630859375
39;44900;VEV_4500;750;9;748;13;;;766;9;768;13;;;758.0;-16.774169921875
39;45000;VEV_4500;750;6;748;24;;;767;6;768;24;;;758.5;-16.55877685546875
39;45100;VEV_4500;750;8;748;14;;;758;5;766;8;768;14;754.0;-16.9229736328125
39;45200;VEV_4500;749;7;747;12;;;765;7;767;12;;;757.0;-17.6484375
39;45300;VEV_4500;748;7;746;20;;;764;7;766;20;;;756.0;-19.273681640625
39;45400;VEV_4500;747;10;745;18;;;763;10;765;18;;;755.0;-19.96820068359375
39;45500;VEV_4500;748;6;746;24;;;764;6;766;24;;;756.0;-18.81036376953125
39;45600;VEV_4500;748;7;746;13;;;764;7;766;13;;;756.0;-18.851318359375
39;45700;VEV_4500;747;9;746;22;;;764;9;765;22;;;755.5;-19.52850341796875
39;45800;VEV_4500;747;11;745;23;;;763;11;765;23;;;755.0;-19.8236083984375
39;45900;VEV_4500;747;8;746;16;;;764;8;765;16;;;755.5;-19.51214599609375
39;46000;VEV_4500;747;12;745;17;;;763;12;765;17;;;755.0;-19.75
39;46100;VEV_4500;747;10;745;15;;;763;10;765;15;;;755.0;-20.2421875
39;46200;VEV_4500;748;10;746;19;;;764;10;766;19;;;756.0;-19.385009765625
39;46300;VEV_4500;749;12;747;15;;;765;12;767;15;;;757.0;-18.26446533203125
39;46400;VEV_4500;750;11;748;20;;;766;11;768;20;;;758.0;-17.423583984375
39;46500;VEV_4500;749;7;747;15;;;765;7;767;15;;;757.0;-17.8302001953125
39;46600;VEV_4500;750;10;748;12;;;766;10;768;12;;;758.0;-17.28070068359375
39;46700;VEV_4500;750;7;748;19;;;766;7;768;19;;;758.0;-17.08538818359375
39;46800;VEV_4500;750;10;748;16;;;766;10;768;16;;;758.0;-16.852783203125
39;46900;VEV_4500;750;6;748;16;;;766;6;768;16;;;758.0;-16.7236328125
39;47000;VEV_4500;751;10;749;17;;;767;10;769;17;;;759.0;-16.29364013671875
39;47100;VEV_4500;751;10;749;23;;;767;10;769;23;;;759.0;-15.88385009765625
39;47200;VEV_4500;751;11;749;23;;;767;11;769;23;;;759.0;-15.713623046875
39;47300;VEV_4500;750;9;748;15;;;766;9;768;15;;;758.0;-16.98358154296875
39;47400;VEV_4500;751;10;749;20;;;767;10;769;20;;;759.0;-16.1416015625
39;47500;VEV_4500;752;11;750;16;;;768;11;770;16;;;760.0;-15.259033203125
39;47600;VEV_4500;752;7;750;12;;;768;7;770;12;;;760.0;-15.09661865234375
39;47700;VEV_4500;751;12;749;16;;;767;12;769;16;;;759.0;-16.0792236328125
39;47800;VEV_4500;750;6;748;15;;;767;6;768;15;;;758.5;-16.54425048828125
39;47900;VEV_4500;751;12;749;15;;;767;12;769;15;;;759.0;-16.32330322265625
39;48000;VEV_4500;751;9;749;15;;;768;9;769;15;;;759.5;-15.59222412109375
39;48100;VEV_4500;750;7;748;17;;;766;7;768;17;;;758.0;-16.77117919921875
39;48200;VEV_4500;752;7;750;22;;;768;7;770;22;;;760.0;-15.38677978515625
39;48300;VEV_4500;751;6;749;17;;;767;6;769;17;;;759.0;-16.03717041015625
39;48400;VEV_4500;751;8;749;15;;;767;8;769;15;;;759.0;-16.32720947265625
39;48500;VEV_4500;751;12;749;12;;;767;12;769;12;;;759.0;-15.73846435546875
39;48600;VEV_4500;751;6;749;19;;;767;6;769;19;;;759.0;-15.72747802734375
39;48700;VEV_4500;751;12;749;17;;;767;12;769;17;;;759.0;-15.8927001953125
39;48800;VEV_4500;750;12;749;23;;;767;12;768;23;;;758.5;-16.51751708984375
39;48900;VEV_4500;750;11;748;20;;;766;11;768;20;;;758.0;-16.9349365234375
39;49000;VEV_4500;750;9;748;13;;;766;9;768;13;;;758.0;-17.36163330078125
39;49100;VEV_4500;750;7;749;15;;;767;7;768;15;;;758.5;-16.515380859375
39;49200;VEV_4500;750;10;748;22;;;766;10;768;22;;;758.0;-17.120849609375
39;49300;VEV_4500;751;8;749;17;;;767;8;769;17;;;759.0;-16.3687744140625
39;49400;VEV_4500;752;7;750;24;;;768;7;770;24;;;760.0;-15.1722412109375
39;49500;VEV_4500;751;7;749;24;;;767;7;769;24;;;759.0;-16.2481689453125
39;49600;VEV_4500;750;11;748;16;;;766;11;768;16;;;758.0;-16.67938232421875
39;49700;VEV_4500;751;12;749;15;;;767;12;769;15;;;759.0;-15.93389892578125
39;49800;VEV_4500;751;12;749;17;;;767;12;769;17;;;759.0;-16.15771484375
39;49900;VEV_4500;752;12;750;16;;;768;12;770;16;;;760.0;-14.653076171875
39;50000;VEV_4500;752;8;750;19;;;768;8;770;19;;;760.0;-14.633056640625
39;50100;VEV_4500;753;12;751;13;;;769;12;771;13;;;761.0;-14.24029541015625
39;50200;VEV_4500;751;9;749;15;;;767;9;769;15;;;759.0;-15.76959228515625
39;50300;VEV_4500;751;11;749;21;;;767;11;769;21;;;759.0;-16.035400390625
39;50400;VEV_4500;752;10;750;13;;;768;10;770;13;;;760.0;-14.82318115234375
39;50500;VEV_4500;752;6;750;19;;;768;6;770;19;;;760.0;-15.29229736328125
39;50600;VEV_4500;753;6;751;21;;;769;6;771;21;;;761.0;-13.73797607421875
39;50700;VEV_4500;753;12;752;14;;;770;12;772;14;;;761.5;-13.43353271484375
39;50800;VEV_4500;756;11;754;17;;;772;11;774;17;;;764.0;-11.08990478515625
39;50900;VEV_4500;757;11;755;13;;;773;11;775;13;;;765.0;-9.8330078125
39;51000;VEV_4500;756;10;754;15;;;772;10;774;15;;;764.0;-10.977294921875
39;51100;VEV_4500;756;6;754;23;;;772;6;774;23;;;764.0;-11.10052490234375
39;51200;VEV_4500;755;12;753;12;;;771;12;773;12;;;763.0;-12.0150146484375
39;51300;VEV_4500;756;9;754;16;;;773;9;775;16;;;764.5;-10.5350341796875
39;51400;VEV_4500;756;12;754;15;;;772;12;774;15;;;764.0;-10.78106689453125
39;51500;VEV_4500;755;10;753;13;;;771;10;773;13;;;763.0;-12.1279296875
39;51600;VEV_4500;756;8;754;15;;;772;8;774;15;;;764.0;-10.820556640625
39;51700;VEV_4500;754;8;752;18;;;771;8;772;18;;;762.5;-12.59674072265625
39;51800;VEV_4500;754;6;752;13;;;771;6;773;13;;;762.5;-12.499755859375
39;51900;VEV_4500;753;11;752;17;;;770;11;772;17;;;761.5;-13.42041015625
39;52000;VEV_4500;753;9;751;18;;;770;9;771;18;;;761.5;-13.58087158203125
39;52100;VEV_4500;754;9;752;18;;;770;9;772;18;;;762.0;-12.6927490234375
39;52200;VEV_4500;754;12;752;17;;;770;12;772;17;;;762.0;-13.29681396484375
39;52300;VEV_4500;754;12;752;24;;;770;12;772;24;;;762.0;-12.79913330078125
39;52400;VEV_4500;754;10;752;22;;;770;10;772;22;;;762.0;-13.099853515625
39;52500;VEV_4500;752;8;751;21;;;769;8;771;21;;;760.5;-14.48388671875
39;52600;VEV_4500;752;7;750;16;;;768;7;770;16;;;760.0;-14.919677734375
39;52700;VEV_4500;751;9;750;13;;;768;9;769;13;;;759.5;-15.49395751953125
39;52800;VEV_4500;751;7;749;19;;;768;7;769;19;;;759.5;-15.53863525390625
39;52900;VEV_4500;751;11;750;14;;;759;5;768;11;770;14;755.0;-15.48443603515625
39;53000;VEV_4500;751;11;749;14;;;767;11;769;14;;;759.0;-16.15618896484375
39;53100;VEV_4500;752;8;750;13;;;769;8;770;13;;;760.5;-14.55517578125
39;53200;VEV_4500;753;10;751;21;;;769;10;771;21;;;761.0;-13.7532958984375
39;53300;VEV_4500;754;6;752;13;;;770;6;772;13;;;762.0;-13.20269775390625
39;53400;VEV_4500;753;9;751;19;;;770;9;772;19;;;761.5;-13.49871826171875
39;53500;VEV_4500;753;7;751;14;;;769;7;771;14;;;761.0;-14.2462158203125
39;53600;VEV_4500;752;9;750;12;;;768;9;770;12;;;760.0;-15.23992919921875
39;53700;VEV_4500;751;7;749;20;;;767;7;769;20;;;759.0;-15.98016357421875
39;53800;VEV_4500;751;9;749;12;;;767;9;769;12;;;759.0;-16.0445556640625
39;53900;VEV_4500;750;9;748;20;;;766;9;768;20;;;758.0;-16.7947998046875
39;54000;VEV_4500;749;11;747;17;;;765;11;767;17;;;757.0;-18.35992431640625
39;54100;VEV_4500;750;6;749;17;;;767;6;769;17;;;758.5;-16.48016357421875
39;54200;VEV_4500;752;8;750;16;;;768;8;770;16;;;760.0;-15.21099853515625
39;54300;VEV_4500;751;9;749;19;;;767;9;769;19;;;759.0;-15.8441162109375
39;54400;VEV_4500;751;12;749;12;;;767;12;769;12;;;759.0;-15.732177734375
39;54500;VEV_4500;752;6;751;12;;;769;6;771;12;;;760.5;-14.4390869140625
39;54600;VEV_4500;752;7;751;23;;;769;7;771;23;;;760.5;-14.47113037109375
39;54700;VEV_4500;751;6;749;15;;;767;6;769;15;;;759.0;-16.1925048828125
39;54800;VEV_4500;751;8;749;16;;;767;8;769;16;;;759.0;-16.23931884765625
39;54900;VEV_4500;749;9;748;23;;;766;9;767;23;;;757.5;-17.5269775390625
39;55000;VEV_4500;750;12;748;16;;;766;12;768;16;;;758.0;-17.23046875
39;55100;VEV_4500;751;7;749;20;;;767;7;769;20;;;759.0;-16.28131103515625
39;55200;VEV_4500;749;8;747;16;;;765;8;767;16;;;757.0;-17.79949951171875
39;55300;VEV_4500;748;7;746;18;;;764;7;766;18;;;756.0;-19.2716064453125
39;55400;VEV_4500;748;8;746;24;;;764;8;766;24;;;756.0;-18.60174560546875
39;55500;VEV_4500;748;6;746;18;;;764;6;766;18;;;756.0;-18.66851806640625
39;55600;VEV_4500;748;6;746;12;;;764;6;766;12;;;756.0;-19.27069091796875
39;55700;VEV_4500;748;7;746;21;;;765;7;766;21;;;756.5;-18.54833984375
39;55800;VEV_4500;747;12;745;19;;;763;12;765;19;;;755.0;-19.66339111328125
39;55900;VEV_4500;747;8;745;20;;;763;8;765;20;;;755.0;-19.7755126953125
39;56000;VEV_4500;746;10;744;19;;;762;10;764;19;;;754.0;-21.11846923828125
39;56100;VEV_4500;747;12;745;23;;;763;12;765;23;;;755.0;-20.27557373046875
39;56200;VEV_4500;745;9;743;17;;;761;9;763;17;;;753.0;-21.862060546875
39;56300;VEV_4500;743;12;742;21;;;760;12;761;21;;;751.5;-23.49298095703125
39;56400;VEV_4500;744;12;742;19;;;760;12;762;19;;;752.0;-23.343017578125
39;56500;VEV_4500;744;9;742;23;;;760;9;762;23;;;752.0;-22.754150390625
39;56600;VEV_4500;744;9;742;21;;;760;9;762;21;;;752.0;-23.104736328125
39;56700;VEV_4500;743;6;741;15;;;759;6;761;15;;;751.0;-23.912841796875
39;56800;VEV_4500;744;11;742;16;;;760;11;762;16;;;752.0;-23.09869384765625
39;56900;VEV_4500;745;10;743;20;;;761;10;763;20;;;753.0;-22.37750244140625
39;57000;VEV_4500;743;12;741;24;;;759;12;761;24;;;751.0;-23.8792724609375
39;57100;VEV_4500;742;9;740;15;;;758;9;760;15;;;750.0;-25.3526611328125
39;57200;VEV_4500;742;12;740;17;;;758;12;760;17;;;750.0;-25.32537841796875
39;57300;VEV_4500;741;9;739;22;;;757;9;759;22;;;749.0;-26.26934814453125
39;57400;VEV_4500;741;12;739;19;;;757;12;758;19;;;749.0;-26.39532470703125
39;57500;VEV_4500;741;8;739;14;;;757;8;759;14;;;749.0;-25.89044189453125
39;57600;VEV_4500;740;10;739;23;;;756;10;758;23;;;748.0;-26.5211181640625
39;57700;VEV_4500;741;9;739;13;;;757;9;759;13;;;749.0;-26.343994140625
39;57800;VEV_4500;741;11;739;20;;;757;11;759;20;;;749.0;-26.3487548828125
39;57900;VEV_4500;741;8;739;19;;;757;8;758;19;;;749.0;-26.47705078125
39;58000;VEV_4500;740;8;738;21;;;756;8;758;21;;;748.0;-27.24774169921875
39;58100;VEV_4500;741;6;739;17;;;757;6;759;17;;;749.0;-26.26568603515625
39;58200;VEV_4500;742;11;740;16;;;758;11;760;16;;;750.0;-24.96539306640625
39;58300;VEV_4500;741;12;739;19;;;757;12;758;19;;;749.0;-26.43353271484375
39;58400;VEV_4500;739;8;737;15;;;755;8;757;15;;;747.0;-27.75726318359375
39;58500;VEV_4500;739;6;737;23;;;755;6;757;23;;;747.0;-27.80181884765625
39;58600;VEV_4500;739;6;737;21;;;755;6;757;21;;;747.0;-27.76025390625
39;58700;VEV_4500;737;6;736;18;;;753;6;755;18;;;745.0;-29.559326171875
39;58800;VEV_4500;735;7;734;22;;;751;7;753;22;;;743.0;-31.68878173828125
39;58900;VEV_4500;735;10;733;24;;;750;10;752;24;;;742.5;-32.44024658203125
39;59000;VEV_4500;735;8;733;20;;;751;8;753;20;;;743.0;-31.985107421875
39;59100;VEV_4500;734;11;732;13;;;750;11;752;13;;;742.0;-32.7581787109375
39;59200;VEV_4500;733;6;732;22;;;749;6;751;22;;;741.0;-33.7203369140625
39;59300;VEV_4500;735;8;733;23;;;751;8;753;23;;;743.0;-32.04449462890625
39;59400;VEV_4500;735;8;733;13;;;750;8;752;13;;;742.5;-32.47393798828125
39;59500;VEV_4500;734;7;732;12;;;749;7;751;12;;;741.5;-33.4541015625
39;59600;VEV_4500;733;9;731;16;;;749;9;751;16;;;741.0;-33.84027099609375
39;59700;VEV_4500;733;6;731;17;;;749;6;751;17;;;741.0;-33.86102294921875
39;59800;VEV_4500;734;7;733;24;;;750;7;752;24;;;742.0;-32.62890625
39;59900;VEV_4500;734;12;732;16;;;750;12;751;16;;;742.0;-33.286865234375
39;60000;VEV_4500;735;12;733;22;;;751;12;753;22;;;743.0;-31.7322998046875
39;60100;VEV_4500;735;12;733;23;;;751;12;753;23;;;743.0;-32.27728271484375
39;60200;VEV_4500;735;8;733;20;;;751;8;753;20;;;743.0;-32.26092529296875
39;60300;VEV_4500;734;6;732;12;;;750;6;752;12;;;742.0;-32.76324462890625
39;60400;VEV_4500;736;10;734;18;;;752;10;754;18;;;744.0;-31.03619384765625
39;60500;VEV_4500;736;6;734;12;;;752;6;754;12;;;744.0;-30.8914794921875
39;60600;VEV_4500;737;7;736;13;;;753;7;755;13;;;745.0;-29.58819580078125
39;60700;VEV_4500;737;10;735;24;;;753;10;755;24;;;745.0;-29.75555419921875
39;60800;VEV_4500;738;7;737;22;;;754;7;756;22;;;746.0;-28.559814453125
39;60900;VEV_4500;738;10;736;17;;;754;10;756;17;;;746.0;-28.89190673828125
39;61000;VEV_4500;738;7;736;14;;;754;7;756;14;;;746.0;-28.77392578125
39;61100;VEV_4500;740;12;738;13;;;755;12;757;13;;;747.5;-27.48980712890625
39;61200;VEV_4500;741;6;739;19;;;757;6;758;19;;;749.0;-26.40643310546875
39;61300;VEV_4500;741;7;739;21;;;756;7;758;21;;;748.5;-26.488037109375
39;61400;VEV_4500;748;3;740;10;738;12;756;10;758;12;;;752.0;-26.66510009765625
39;61500;VEV_4500;740;8;738;23;;;756;8;758;23;;;748.0;-27.2655029296875
39;61600;VEV_4500;739;7;738;22;;;755;7;757;22;;;747.0;-27.56500244140625
39;61700;VEV_4500;741;9;739;22;;;757;9;759;22;;;749.0;-26.3526611328125
39;61800;VEV_4500;741;8;739;23;;;757;8;759;23;;;749.0;-26.0601806640625
39;61900;VEV_4500;742;8;740;19;;;758;8;760;19;;;750.0;-25.29779052734375
39;62000;VEV_4500;741;10;739;12;;;757;10;759;12;;;749.0;-26.20843505859375
39;62100;VEV_4500;740;6;738;19;;;756;6;758;19;;;748.0;-26.95849609375
39;62200;VEV_4500;740;12;739;18;;;756;12;758;18;;;748.0;-26.57440185546875
39;62300;VEV_4500;740;12;738;24;;;756;12;758;24;;;748.0;-27.0206298828125
39;62400;VEV_4500;740;10;738;14;;;756;10;758;14;;;748.0;-27.18524169921875
39;62500;VEV_4500;740;8;738;24;;;756;8;758;24;;;748.0;-26.77410888671875
39;62600;VEV_4500;741;7;739;21;;;757;7;759;21;;;749.0;-26.0728759765625
39;62700;VEV_4500;742;10;740;15;;;758;10;760;15;;;750.0;-25.2745361328125
39;62800;VEV_4500;741;7;739;14;;;757;7;759;14;;;749.0;-25.80731201171875
39;62900;VEV_4500;741;11;739;19;;;757;11;759;19;;;749.0;-25.71978759765625
39;63000;VEV_4500;741;8;739;13;;;757;8;759;13;;;749.0;-25.868408203125
39;63100;VEV_4500;741;11;739;16;;;757;11;759;16;;;749.0;-25.90631103515625
39;63200;VEV_4500;744;6;742;17;;;760;6;762;17;;;752.0;-23.27215576171875
39;63300;VEV_4500;743;10;741;24;;;759;10;761;24;;;751.0;-23.76800537109375
39;63400;VEV_4500;745;10;743;19;;;761;10;763;19;;;753.0;-22.38812255859375
39;63500;VEV_4500;744;7;743;22;;;760;7;762;22;;;752.0;-22.5498046875
39;63600;VEV_4500;744;12;743;15;;;760;12;762;15;;;752.0;-22.591064453125
39;63700;VEV_4500;743;6;741;24;;;759;6;761;24;;;751.0;-24.0689697265625
39;63800;VEV_4500;744;8;742;14;;;760;8;761;14;;;752.0;-23.44921875
39;63900;VEV_4500;743;11;741;18;;;759;11;760;18;;;751.0;-24.46295166015625
39;64000;VEV_4500;744;7;742;16;;;760;7;762;16;;;752.0;-23.00537109375
39;64100;VEV_4500;744;11;742;18;;;760;11;762;18;;;752.0;-23.09576416015625
39;64200;VEV_4500;745;9;743;12;;;761;9;763;12;;;753.0;-22.18402099609375
39;64300;VEV_4500;744;8;742;12;;;760;8;762;12;;;752.0;-22.9925537109375
39;64400;VEV_4500;745;11;744;14;;;762;11;763;14;;;753.5;-21.48681640625
39;64500;VEV_4500;745;8;743;13;;;761;8;763;13;;;753.0;-21.800537109375
39;64600;VEV_4500;746;10;744;14;;;762;10;764;14;;;754.0;-21.01824951171875
39;64700;VEV_4500;744;8;742;19;;;760;8;762;19;;;752.0;-22.7122802734375
39;64800;VEV_4500;744;11;742;13;;;760;11;761;13;;;752.0;-23.45068359375
39;64900;VEV_4500;743;8;741;19;;;759;8;761;19;;;751.0;-23.831787109375
39;65000;VEV_4500;742;11;740;24;;;758;11;760;24;;;750.0;-25.31866455078125
39;65100;VEV_4500;743;11;741;23;;;759;11;761;23;;;751.0;-24.29937744140625
39;65200;VEV_4500;743;6;741;21;;;759;6;761;21;;;751.0;-24.2513427734375
39;65300;VEV_4500;751;5;744;11;742;22;760;11;761;22;;;755.5;-23.46136474609375
39;65400;VEV_4500;743;9;741;23;;;759;9;761;23;;;751.0;-23.7698974609375
39;65500;VEV_4500;744;7;742;21;;;760;7;762;21;;;752.0;-23.15093994140625
39;65600;VEV_4500;745;8;743;12;;;761;8;763;12;;;753.0;-21.914794921875
39;65700;VEV_4500;745;12;743;23;;;761;12;763;23;;;753.0;-21.598876953125
39;65800;VEV_4500;745;7;743;21;;;761;7;763;21;;;753.0;-22.40167236328125
39;65900;VEV_4500;745;11;743;13;;;761;11;762;13;;;753.0;-22.40789794921875
39;66000;VEV_4500;743;10;741;20;;;759;10;761;20;;;751.0;-23.639404296875
39;66100;VEV_4500;745;6;743;17;;;761;6;763;17;;;753.0;-22.23199462890625
39;66200;VEV_4500;744;7;743;19;;;761;7;762;19;;;752.5;-22.51153564453125
39;66300;VEV_4500;744;12;742;21;;;760;12;762;21;;;752.0;-22.9283447265625
39;66400;VEV_4500;743;6;741;22;;;759;6;761;22;;;751.0;-24.13934326171875
39;66500;VEV_4500;743;6;741;20;;;759;6;761;20;;;751.0;-23.681396484375
39;66600;VEV_4500;745;8;743;19;;;761;8;763;19;;;753.0;-21.8824462890625
39;66700;VEV_4500;747;10;745;17;;;763;10;765;17;;;755.0;-20.31671142578125
39;66800;VEV_4500;747;10;745;19;;;763;10;765;19;;;755.0;-19.88616943359375
39;66900;VEV_4500;747;12;745;19;;;763;12;765;19;;;755.0;-20.33050537109375
39;67000;VEV_4500;747;11;745;13;;;763;11;765;13;;;755.0;-19.92510986328125
39;67100;VEV_4500;748;8;746;24;;;764;8;766;24;;;756.0;-18.95001220703125
39;67200;VEV_4500;748;10;746;19;;;764;10;766;19;;;756.0;-18.7559814453125
39;67300;VEV_4500;748;10;746;17;;;764;10;766;17;;;756.0;-19.1517333984375
39;67400;VEV_4500;749;12;747;23;;;765;12;767;23;;;757.0;-18.23077392578125
39;67500;VEV_4500;749;9;748;23;;;766;9;767;23;;;757.5;-17.50390625
39;67600;VEV_4500;751;9;749;12;;;767;9;769;12;;;759.0;-15.7841796875
39;67700;VEV_4500;752;10;750;22;;;768;10;770;22;;;760.0;-15.2100830078125
39;67800;VEV_4500;751;8;749;24;;;767;8;769;24;;;759.0;-15.82257080078125
39;67900;VEV_4500;751;8;749;24;;;767;8;769;24;;;759.0;-15.86767578125
39;68000;VEV_4500;752;6;750;18;;;768;6;770;18;;;760.0;-15.3314208984375
39;68100;VEV_4500;751;8;749;14;;;767;8;769;14;;;759.0;-15.70855712890625
39;68200;VEV_4500;751;11;749;21;;;767;11;769;21;;;759.0;-16.2322998046875
39;68300;VEV_4500;750;8;748;20;;;766;8;768;20;;;758.0;-16.64019775390625
39;68400;VEV_4500;749;12;748;23;;;766;12;768;23;;;757.5;-17.446533203125
39;68500;VEV_4500;749;7;747;15;;;765;7;767;15;;;757.0;-18.27001953125
39;68600;VEV_4500;748;8;746;18;;;764;8;766;18;;;756.0;-19.2169189453125
39;68700;VEV_4500;747;7;745;20;;;763;7;765;20;;;755.0;-19.69940185546875
39;68800;VEV_4500;746;8;744;21;;;762;8;764;21;;;754.0;-21.1197509765625
39;68900;VEV_4500;745;12;743;21;;;761;12;763;21;;;753.0;-21.67694091796875
39;69000;VEV_4500;747;12;745;12;;;763;12;765;12;;;755.0;-20.132080078125
39;69100;VEV_4500;746;9;744;24;;;762;9;764;24;;;754.0;-20.668701171875
39;69200;VEV_4500;746;12;744;12;;;762;12;763;12;;;754.0;-21.426513671875
39;69300;VEV_4500;746;10;745;18;;;763;10;764;18;;;754.5;-20.53399658203125
39;69400;VEV_4500;745;9;743;20;;;761;9;763;20;;;753.0;-21.82208251953125
39;69500;VEV_4500;747;9;745;20;;;763;9;765;20;;;755.0;-19.75762939453125
39;69600;VEV_4500;750;8;748;17;;;766;8;768;17;;;758.0;-17.35968017578125
39;69700;VEV_4500;748;6;747;15;;;765;6;766;15;;;756.5;-18.48272705078125
39;69800;VEV_4500;749;8;747;24;;;765;8;767;24;;;757.0;-18.34600830078125
39;69900;VEV_4500;750;8;748;19;;;766;8;768;19;;;758.0;-17.37982177734375
39;70000;VEV_4500;750;10;748;21;;;766;10;768;21;;;758.0;-17.13885498046875
39;70100;VEV_4500;748;11;747;16;;;765;11;766;16;;;756.5;-18.48089599609375
39;70200;VEV_4500;748;12;746;15;;;764;12;766;15;;;756.0;-18.691162109375
39;70300;VEV_4500;749;10;747;20;;;766;10;767;20;;;757.5;-17.54608154296875
39;70400;VEV_4500;750;8;748;12;;;766;8;768;12;;;758.0;-17.22821044921875
39;70500;VEV_4500;750;8;748;12;;;766;8;768;12;;;758.0;-17.06005859375
39;70600;VEV_4500;748;11;746;23;;;764;11;766;23;;;756.0;-18.8150634765625
39;70700;VEV_4500;749;10;747;23;;;765;10;767;23;;;757.0;-18.37054443359375
39;70800;VEV_4500;748;12;746;17;;;764;12;766;17;;;756.0;-18.9227294921875
39;70900;VEV_4500;748;6;746;19;;;764;6;766;19;;;756.0;-19.0460205078125
39;71000;VEV_4500;747;6;745;18;;;763;6;765;18;;;755.0;-20.33172607421875
39;71100;VEV_4500;747;8;745;13;;;763;8;765;13;;;755.0;-20.18994140625
39;71200;VEV_4500;746;7;744;12;;;762;7;764;12;;;754.0;-20.95733642578125
39;71300;VEV_4500;746;8;744;15;;;762;8;764;15;;;754.0;-20.71826171875
39;71400;VEV_4500;744;8;742;12;;;760;8;762;12;;;752.0;-23.02471923828125
39;71500;VEV_4500;744;11;742;21;;;760;11;762;21;;;752.0;-23.08245849609375
39;71600;VEV_4500;744;8;742;23;;;760;8;762;23;;;752.0;-22.7161865234375
39;71700;VEV_4500;744;9;742;17;;;760;9;762;17;;;752.0;-22.613525390625
39;71800;VEV_4500;746;10;744;20;;;762;10;764;20;;;754.0;-20.68121337890625
39;71900;VEV_4500;745;6;743;24;;;761;6;763;24;;;753.0;-22.0694580078125
39;72000;VEV_4500;747;8;745;17;;;763;8;765;17;;;755.0;-20.15936279296875
39;72100;VEV_4500;748;8;746;24;;;764;8;766;24;;;756.0;-19.2950439453125
39;72200;VEV_4500;749;12;747;24;;;765;12;767;24;;;757.0;-17.82769775390625
39;72300;VEV_4500;749;10;747;13;;;765;10;767;13;;;757.0;-17.90399169921875
39;72400;VEV_4500;749;8;747;24;;;765;8;767;24;;;757.0;-17.79742431640625
39;72500;VEV_4500;750;12;748;17;;;766;12;768;17;;;758.0;-16.70391845703125
39;72600;VEV_4500;751;12;749;22;;;767;12;769;22;;;759.0;-16.0517578125
39;72700;VEV_4500;751;9;749;17;;;767;9;769;17;;;759.0;-16.32080078125
39;72800;VEV_4500;751;10;749;13;;;767;10;769;13;;;759.0;-16.2110595703125
39;72900;VEV_4500;750;7;748;13;;;766;7;768;13;;;758.0;-17.17730712890625
39;73000;VEV_4500;749;10;748;13;;;766;10;767;13;;;757.5;-17.50384521484375
39;73100;VEV_4500;751;11;749;14;;;767;11;769;14;;;759.0;-16.30242919921875
39;73200;VEV_4500;749;10;747;16;;;765;10;767;16;;;757.0;-17.93011474609375
39;73300;VEV_4500;748;7;746;18;;;764;7;766;18;;;756.0;-18.70623779296875
39;73400;VEV_4500;748;7;746;14;;;764;7;766;14;;;756.0;-19.245849609375
39;73500;VEV_4500;747;10;745;12;;;763;10;765;12;;;755.0;-19.907958984375
39;73600;VEV_4500;748;7;746;23;;;764;7;766;23;;;756.0;-19.3316650390625
39;73700;VEV_4500;748;10;747;24;;;765;10;766;24;;;756.5;-18.45977783203125
39;73800;VEV_4500;748;9;746;12;;;764;9;766;12;;;756.0;-18.8974609375
39;73900;VEV_4500;749;10;747;15;;;765;10;767;15;;;757.0;-17.905517578125
39;74000;VEV_4500;747;9;746;14;;;764;9;765;14;;;755.5;-19.48931884765625
39;74100;VEV_4500;748;10;746;20;;;764;10;766;20;;;756.0;-18.8160400390625
39;74200;VEV_4500;748;6;746;23;;;764;6;766;23;;;756.0;-18.741455078125
39;74300;VEV_4500;749;6;747;23;;;765;6;767;23;;;757.0;-17.9671630859375
39;74400;VEV_4500;749;8;747;20;;;765;8;767;20;;;757.0;-18.28729248046875
39;74500;VEV_4500;748;6;746;23;;;764;6;766;23;;;756.0;-18.74432373046875
39;74600;VEV_4500;748;6;746;12;;;764;6;766;12;;;756.0;-18.75115966796875
39;74700;VEV_4500;748;10;746;12;;;764;10;766;12;;;756.0;-18.9609375
39;74800;VEV_4500;747;6;746;21;;;764;6;765;21;;;755.5;-19.54437255859375
39;74900;VEV_4500;748;6;746;17;;;764;6;766;17;;;756.0;-19.21795654296875
39;75000;VEV_4500;748;8;746;23;;;764;8;766;23;;;756.0;-18.8170166015625
39;75100;VEV_4500;747;11;745;24;;;763;11;765;24;;;755.0;-20.2296142578125
39;75200;VEV_4500;747;9;745;19;;;755;4;763;9;765;19;751.0;-19.61083984375
39;75300;VEV_4500;746;9;744;16;;;762;9;764;16;;;754.0;-20.75628662109375
39;75400;VEV_4500;748;7;746;18;;;764;7;766;18;;;756.0;-18.61297607421875
39;75500;VEV_4500;748;10;746;15;;;764;10;766;15;;;756.0;-18.78753662109375
39;75600;VEV_4500;748;6;746;23;;;764;6;766;23;;;756.0;-18.781494140625
39;75700;VEV_4500;747;9;745;16;;;763;9;765;16;;;755.0;-19.7677001953125
39;75800;VEV_4500;747;7;745;14;;;763;7;765;14;;;755.0;-19.6651611328125
39;75900;VEV_4500;747;6;745;20;;;763;6;765;20;;;755.0;-20.21832275390625
39;76000;VEV_4500;748;11;746;16;;;764;11;766;16;;;756.0;-19.1201171875
39;76100;VEV_4500;748;12;746;24;;;764;12;766;24;;;756.0;-19.1737060546875
39;76200;VEV_4500;745;8;744;21;;;762;8;763;21;;;753.5;-21.485595703125
39;76300;VEV_4500;747;8;745;12;;;763;8;765;12;;;755.0;-20.1044921875
39;76400;VEV_4500;747;7;745;17;;;763;7;765;17;;;755.0;-20.01873779296875
39;76500;VEV_4500;747;12;745;12;;;763;12;765;12;;;755.0;-19.92462158203125
39;76600;VEV_4500;747;11;745;16;;;763;11;765;16;;;755.0;-19.98516845703125
39;76700;VEV_4500;747;7;745;18;;;763;7;765;18;;;755.0;-19.97943115234375
39;76800;VEV_4500;746;11;744;21;;;762;11;764;21;;;754.0;-21.06439208984375
39;76900;VEV_4500;745;9;743;20;;;761;9;763;20;;;753.0;-21.7510986328125
39;77000;VEV_4500;745;10;743;12;;;761;10;763;12;;;753.0;-21.7813720703125
39;77100;VEV_4500;744;11;742;24;;;760;11;762;24;;;752.0;-22.6256103515625
39;77200;VEV_4500;744;11;742;20;;;760;11;762;20;;;752.0;-22.750732421875
39;77300;VEV_4500;743;6;742;19;;;759;6;761;19;;;751.0;-23.6015625
39;77400;VEV_4500;744;6;742;19;;;760;6;761;19;;;752.0;-23.42755126953125
39;77500;VEV_4500;745;12;743;20;;;761;12;763;20;;;753.0;-21.80029296875
39;77600;VEV_4500;745;10;743;21;;;761;10;763;21;;;753.0;-21.61553955078125
39;77700;VEV_4500;745;9;743;21;;;761;9;763;21;;;753.0;-21.89837646484375
39;77800;VEV_4500;746;8;745;12;;;763;8;764;12;;;754.5;-20.5323486328125
39;77900;VEV_4500;747;8;745;13;;;763;8;765;13;;;755.0;-19.603271484375
39;78000;VEV_4500;746;12;744;19;;;762;12;764;19;;;754.0;-21.34173583984375
39;78100;VEV_4500;748;7;746;17;;;764;7;766;17;;;756.0;-18.7489013671875
39;78200;VEV_4500;748;8;746;24;;;764;8;766;24;;;756.0;-19.2998046875
39;78300;VEV_4500;746;12;744;16;;;762;12;764;16;;;754.0;-20.6298828125
39;78400;VEV_4500;746;12;745;15;;;762;12;764;15;;;754.0;-20.55340576171875
39;78500;VEV_4500;746;6;744;16;;;762;6;764;16;;;754.0;-20.96820068359375
39;78600;VEV_4500;745;12;744;23;;;761;12;763;23;;;753.0;-21.576171875
39;78700;VEV_4500;746;6;744;15;;;762;6;764;15;;;754.0;-21.3206787109375
39;78800;VEV_4500;754;4;747;12;745;17;763;12;765;17;;;758.5;-20.118408203125
39;78900;VEV_4500;748;8;746;16;;;764;8;766;16;;;756.0;-18.975341796875
39;79000;VEV_4500;748;11;746;21;;;764;11;766;21;;;756.0;-18.97998046875
39;79100;VEV_4500;748;7;746;20;;;764;7;766;20;;;756.0;-19.20123291015625
39;79200;VEV_4500;748;10;746;20;;;764;10;766;20;;;756.0;-18.88153076171875
39;79300;VEV_4500;750;11;748;13;;;757;5;766;11;768;13;753.5;-17.33990478515625
39;79400;VEV_4500;750;12;748;17;;;766;12;768;17;;;758.0;-17.37554931640625
39;79500;VEV_4500;749;7;747;14;;;765;7;767;14;;;757.0;-18.0985107421875
39;79600;VEV_4500;750;11;748;21;;;766;11;768;21;;;758.0;-16.820068359375
39;79700;VEV_4500;748;12;746;20;;;765;12;766;20;;;756.5;-18.54754638671875
39;79800;VEV_4500;749;8;747;19;;;765;8;767;19;;;757.0;-17.92059326171875
39;79900;VEV_4500;750;11;748;12;;;766;11;768;12;;;758.0;-17.4173583984375
39;80000;VEV_4500;751;7;750;15;;;768;7;770;15;;;759.5;-15.4573974609375
39;80100;VEV_4500;754;8;752;19;;;770;8;772;19;;;762.0;-13.362060546875
39;80200;VEV_4500;753;10;751;21;;;769;10;771;21;;;761.0;-14.25238037109375
39;80300;VEV_4500;753;10;751;13;;;769;10;771;13;;;761.0;-14.2467041015625
39;80400;VEV_4500;754;7;752;12;;;770;7;772;12;;;762.0;-12.63641357421875
39;80500;VEV_4500;755;11;753;12;;;771;11;773;12;;;763.0;-12.17413330078125
39;80600;VEV_4500;755;9;753;24;;;771;9;773;24;;;763.0;-12.36956787109375
39;80700;VEV_4500;754;7;752;18;;;770;7;772;18;;;762.0;-12.86444091796875
39;80800;VEV_4500;756;10;754;17;;;772;10;774;17;;;764.0;-11.2022705078125
39;80900;VEV_4500;756;11;754;24;;;772;11;774;24;;;764.0;-11.2733154296875
39;81000;VEV_4500;756;9;754;22;;;773;9;775;22;;;764.5;-10.4849853515625
39;81100;VEV_4500;757;10;755;16;;;773;10;775;16;;;765.0;-10.31658935546875
39;81200;VEV_4500;757;7;755;15;;;773;7;775;15;;;765.0;-9.931396484375
39;81300;VEV_4500;756;7;755;20;;;773;7;775;20;;;764.5;-10.36529541015625
39;81400;VEV_4500;757;8;755;23;;;773;8;775;23;;;765.0;-10.16278076171875
39;81500;VEV_4500;758;7;756;24;;;774;7;776;24;;;766.0;-8.95068359375
39;81600;VEV_4500;758;6;756;20;;;774;6;776;20;;;766.0;-9.0150146484375
39;81700;VEV_4500;757;11;755;16;;;774;11;776;16;;;765.5;-9.5548095703125
39;81800;VEV_4500;758;7;756;13;;;774;7;776;13;;;766.0;-9.192626953125
39;81900;VEV_4500;759;11;757;22;;;775;11;777;22;;;767.0;-7.73944091796875
39;82000;VEV_4500;761;6;759;21;;;777;6;779;21;;;769.0;-5.75604248046875
39;82100;VEV_4500;762;6;760;17;;;779;6;781;17;;;770.5;-4.37939453125
39;82200;VEV_4500;764;12;762;15;;;780;12;782;15;;;772.0;-2.997802734375
39;82300;VEV_4500;764;6;762;12;;;780;6;782;12;;;772.0;-2.898193359375
39;82400;VEV_4500;764;12;762;21;;;780;12;782;21;;;772.0;-2.83319091796875
39;82500;VEV_4500;762;10;760;14;;;779;10;781;14;;;770.5;-4.378662109375
39;82600;VEV_4500;764;8;762;21;;;780;8;782;21;;;772.0;-3.24462890625
39;82700;VEV_4500;763;12;761;14;;;779;12;781;14;;;771.0;-4.27386474609375
39;82800;VEV_4500;761;7;759;24;;;778;7;780;24;;;769.5;-5.60198974609375
39;82900;VEV_4500;760;8;758;12;;;776;8;778;12;;;768.0;-7.00567626953125
39;83000;VEV_4500;760;8;758;19;;;776;8;778;19;;;768.0;-6.96429443359375
39;83100;VEV_4500;759;8;757;17;;;775;8;777;17;;;767.0;-8.04461669921875
39;83200;VEV_4500;758;11;756;22;;;774;11;776;22;;;766.0;-8.81304931640625
39;83300;VEV_4500;758;11;756;18;;;774;11;776;18;;;766.0;-9.16632080078125
39;83400;VEV_4500;759;9;757;16;;;775;9;777;16;;;767.0;-7.8565673828125
39;83500;VEV_4500;760;9;758;14;;;776;9;778;14;;;768.0;-6.74066162109375
39;83600;VEV_4500;760;8;758;23;;;776;8;778;23;;;768.0;-7.170654296875
39;83700;VEV_4500;759;6;757;18;;;775;6;777;18;;;767.0;-7.989990234375
39;83800;VEV_4500;760;6;758;20;;;777;6;778;20;;;768.5;-6.6527099609375
39;83900;VEV_4500;760;6;758;14;;;777;6;779;14;;;768.5;-6.50372314453125
39;84000;VEV_4500;760;9;758;14;;;776;9;778;14;;;768.0;-6.77569580078125
39;84100;VEV_4500;761;9;759;19;;;777;9;779;19;;;769.0;-5.9517822265625
39;84200;VEV_4500;761;7;759;15;;;777;7;779;15;;;769.0;-5.98309326171875
39;84300;VEV_4500;761;9;759;20;;;777;9;779;20;;;769.0;-5.79547119140625
39;84400;VEV_4500;763;8;761;15;;;779;8;781;15;;;771.0;-4.1409912109375
39;84500;VEV_4500;765;8;763;12;;;781;8;783;12;;;773.0;-2.17608642578125
39;84600;VEV_4500;765;12;763;18;;;782;12;784;18;;;773.5;-1.47100830078125
39;84700;VEV_4500;767;10;765;15;;;784;10;785;15;;;775.5;0.3018798828125
39;84800;VEV_4500;765;10;764;21;;;782;10;784;21;;;773.5;-1.29638671875
39;84900;VEV_4500;763;8;761;12;;;779;8;781;12;;;771.0;-4.0142822265625
39;85000;VEV_4500;761;10;759;22;;;778;10;780;22;;;769.5;-5.5361328125
39;85100;VEV_4500;760;7;758;16;;;776;7;778;16;;;768.0;-6.7105712890625
39;85200;VEV_4500;760;10;758;15;;;777;10;778;15;;;768.5;-6.6322021484375
39;85300;VEV_4500;760;8;758;16;;;777;8;778;16;;;768.5;-6.6756591796875
39;85400;VEV_4500;760;12;758;23;;;776;12;778;23;;;768.0;-6.69573974609375
39;85500;VEV_4500;762;6;760;13;;;778;6;780;13;;;770.0;-4.710205078125
39;85600;VEV_4500;762;7;760;20;;;778;7;780;20;;;770.0;-4.79046630859375
39;85700;VEV_4500;763;8;761;12;;;780;8;782;12;;;771.5;-3.58026123046875
39;85800;VEV_4500;761;11;759;13;;;778;11;780;13;;;769.5;-5.591552734375
39;85900;VEV_4500;760;11;758;15;;;776;11;778;15;;;768.0;-6.83831787109375
39;86000;VEV_4500;761;10;759;15;;;777;10;779;15;;;769.0;-6.199462890625
39;86100;VEV_4500;762;11;760;23;;;778;11;780;23;;;770.0;-5.2025146484375
39;86200;VEV_4500;761;11;759;21;;;778;11;780;21;;;769.5;-5.53179931640625
39;86300;VEV_4500;761;9;759;17;;;777;9;779;17;;;769.0;-5.86102294921875
39;86400;VEV_4500;762;6;760;19;;;778;6;780;19;;;770.0;-5.1036376953125
39;86500;VEV_4500;762;8;760;19;;;778;8;780;19;;;770.0;-4.83416748046875
39;86600;VEV_4500;761;8;759;18;;;777;8;779;18;;;769.0;-6.09368896484375
39;86700;VEV_4500;760;7;758;18;;;776;7;778;18;;;768.0;-7.1160888671875
39;86800;VEV_4500;759;9;758;23;;;776;9;778;23;;;767.5;-7.34033203125
39;86900;VEV_4500;761;11;759;15;;;777;11;779;15;;;769.0;-5.99407958984375
39;87000;VEV_4500;761;6;759;22;;;777;6;779;22;;;769.0;-6.1986083984375
39;87100;VEV_4500;762;12;760;12;;;778;12;780;12;;;770.0;-4.92279052734375
39;87200;VEV_4500;762;9;760;17;;;778;9;780;17;;;770.0;-5.22174072265625
39;87300;VEV_4500;762;11;761;13;;;779;11;781;13;;;770.5;-4.3375244140625
39;87400;VEV_4500;762;10;760;12;;;779;10;781;12;;;770.5;-4.374267578125
39;87500;VEV_4500;762;8;761;12;;;779;8;781;12;;;770.5;-4.31768798828125
39;87600;VEV_4500;763;10;761;14;;;779;10;781;14;;;771.0;-4.10986328125
39;87700;VEV_4500;762;11;760;14;;;779;11;780;14;;;770.5;-4.647216796875
39;87800;VEV_4500;762;12;760;23;;;778;12;780;23;;;770.0;-4.79803466796875
39;87900;VEV_4500;763;11;761;16;;;779;11;781;16;;;771.0;-3.96466064453125
39;88000;VEV_4500;762;7;760;12;;;778;7;780;12;;;770.0;-4.7069091796875
39;88100;VEV_4500;761;6;759;15;;;777;6;779;15;;;769.0;-6.04595947265625
39;88200;VEV_4500;761;7;759;22;;;777;7;779;22;;;769.0;-6.12451171875
39;88300;VEV_4500;760;6;758;19;;;776;6;778;19;;;768.0;-7.03082275390625
39;88400;VEV_4500;760;12;758;19;;;776;12;778;19;;;768.0;-6.91314697265625
39;88500;VEV_4500;761;11;759;19;;;778;11;779;19;;;769.5;-5.63922119140625
39;88600;VEV_4500;762;8;760;19;;;778;8;780;19;;;770.0;-5.1806640625
39;88700;VEV_4500;762;9;760;18;;;778;9;780;18;;;770.0;-5.22857666015625
39;88800;VEV_4500;762;10;760;12;;;778;10;780;12;;;770.0;-5.20184326171875
39;88900;VEV_4500;762;10;760;23;;;779;10;781;23;;;770.5;-4.39190673828125
39;89000;VEV_4500;761;8;759;13;;;777;8;779;13;;;769.0;-5.804443359375
39;89100;VEV_4500;760;10;758;20;;;777;10;778;20;;;768.5;-6.63629150390625
39;89200;VEV_4500;762;10;760;12;;;778;10;780;12;;;770.0;-5.0855712890625
39;89300;VEV_4500;761;11;759;16;;;778;11;780;16;;;769.5;-5.55218505859375
39;89400;VEV_4500;761;8;759;12;;;778;8;780;12;;;769.5;-5.5718994140625
39;89500;VEV_4500;761;6;759;20;;;777;6;779;20;;;769.0;-6.11529541015625
39;89600;VEV_4500;760;11;758;15;;;776;11;778;15;;;768.0;-6.76611328125
39;89700;VEV_4500;759;9;757;16;;;775;9;777;16;;;767.0;-8.32647705078125
39;89800;VEV_4500;759;9;757;16;;;776;9;778;16;;;767.5;-7.4228515625
39;89900;VEV_4500;760;11;758;22;;;777;11;778;22;;;768.5;-6.6822509765625
39;90000;VEV_4500;760;8;759;13;;;777;8;779;13;;;768.5;-6.36517333984375
39;90100;VEV_4500;760;9;758;20;;;776;9;778;20;;;768.0;-6.70361328125
39;90200;VEV_4500;760;12;758;15;;;777;12;778;15;;;768.5;-6.62774658203125
39;90300;VEV_4500;760;12;758;16;;;776;12;778;16;;;768.0;-6.89849853515625
39;90400;VEV_4500;761;6;759;15;;;777;6;779;15;;;769.0;-6.01849365234375
39;90500;VEV_4500;761;9;759;15;;;777;9;779;15;;;769.0;-6.30645751953125
39;90600;VEV_4500;759;6;758;22;;;776;6;778;22;;;767.5;-7.36492919921875
39;90700;VEV_4500;759;7;757;23;;;775;7;777;23;;;767.0;-7.72149658203125
39;90800;VEV_4500;758;8;756;18;;;774;8;776;18;;;766.0;-9.276611328125
39;90900;VEV_4500;758;9;756;13;;;774;9;776;13;;;766.0;-8.74749755859375
39;91000;VEV_4500;757;11;755;14;;;773;11;775;14;;;765.0;-9.988037109375
39;91100;VEV_4500;757;11;755;17;;;773;11;775;17;;;765.0;-9.82318115234375
39;91200;VEV_4500;757;9;755;14;;;773;9;775;14;;;765.0;-9.82781982421875
39;91300;VEV_4500;758;11;757;16;;;775;11;777;16;;;766.5;-8.367431640625
39;91400;VEV_4500;760;8;758;22;;;776;8;778;22;;;768.0;-6.7340087890625
39;91500;VEV_4500;759;6;757;12;;;776;6;778;12;;;767.5;-7.5634765625
39;91600;VEV_4500;760;8;758;20;;;776;8;778;20;;;768.0;-7.03564453125
39;91700;VEV_4500;758;9;757;21;;;775;9;777;21;;;766.5;-8.38079833984375
39;91800;VEV_4500;759;10;757;12;;;775;10;777;12;;;767.0;-8.25164794921875
39;91900;VEV_4500;758;8;756;23;;;774;8;776;23;;;766.0;-8.9012451171875
39;92000;VEV_4500;760;8;759;15;;;777;8;779;15;;;768.5;-6.3577880859375
39;92100;VEV_4500;759;7;757;17;;;775;7;777;17;;;767.0;-7.81195068359375
39;92200;VEV_4500;760;12;758;16;;;776;12;778;16;;;768.0;-6.87664794921875
39;92300;VEV_4500;759;6;757;19;;;775;6;777;19;;;767.0;-7.93011474609375
39;92400;VEV_4500;759;10;757;14;;;775;10;777;14;;;767.0;-7.8828125
39;92500;VEV_4500;760;7;758;16;;;776;7;778;16;;;768.0;-7.28570556640625
39;92600;VEV_4500;760;7;758;22;;;776;7;778;22;;;768.0;-6.82275390625
39;92700;VEV_4500;760;9;758;21;;;777;9;779;21;;;768.5;-6.397216796875
39;92800;VEV_4500;762;9;760;24;;;778;9;780;24;;;770.0;-5.0535888671875
39;92900;VEV_4500;762;8;761;20;;;779;8;781;20;;;770.5;-4.32354736328125
39;93000;VEV_4500;763;9;761;13;;;779;9;781;13;;;771.0;-4.13311767578125
39;93100;VEV_4500;763;12;761;12;;;779;12;781;12;;;771.0;-4.06732177734375
39;93200;VEV_4500;761;6;759;22;;;778;6;780;22;;;769.5;-5.46820068359375
39;93300;VEV_4500;761;12;759;15;;;777;12;779;15;;;769.0;-6.0390625
39;93400;VEV_4500;760;12;758;15;;;776;12;778;15;;;768.0;-6.89263916015625
39;93500;VEV_4500;760;9;759;16;;;777;9;779;16;;;768.5;-6.32537841796875
39;93600;VEV_4500;760;6;758;17;;;776;6;778;17;;;768.0;-7.26300048828125
39;93700;VEV_4500;759;6;757;15;;;776;6;778;15;;;767.5;-7.55328369140625
39;93800;VEV_4500;762;9;760;17;;;778;9;780;17;;;770.0;-5.19537353515625
39;93900;VEV_4500;763;9;761;19;;;779;9;781;19;;;771.0;-3.94305419921875
39;94000;VEV_4500;762;10;760;23;;;778;10;780;23;;;770.0;-5.0928955078125
39;94100;VEV_4500;760;12;758;17;;;776;12;778;17;;;768.0;-6.734130859375
39;94200;VEV_4500;760;12;758;16;;;777;12;779;16;;;768.5;-6.60009765625
39;94300;VEV_4500;760;6;759;20;;;777;6;779;20;;;768.5;-6.37213134765625
39;94400;VEV_4500;760;12;758;21;;;776;12;778;21;;;768.0;-7.14801025390625
39;94500;VEV_4500;760;10;758;13;;;776;10;778;13;;;768.0;-7.01348876953125
39;94600;VEV_4500;759;12;757;22;;;775;12;777;22;;;767.0;-7.79669189453125
39;94700;VEV_4500;757;10;756;13;;;774;10;776;13;;;765.5;-9.36077880859375
39;94800;VEV_4500;756;12;754;18;;;772;12;774;18;;;764.0;-10.7598876953125
39;94900;VEV_4500;756;9;754;16;;;773;9;775;16;;;764.5;-10.50408935546875
39;95000;VEV_4500;756;6;754;14;;;773;6;775;14;;;764.5;-10.4642333984375
39;95100;VEV_4500;757;6;755;12;;;773;6;775;12;;;765.0;-10.12347412109375
39;95200;VEV_4500;754;8;752;14;;;770;8;772;14;;;762.0;-13.0452880859375
39;95300;VEV_4500;753;11;751;17;;;769;11;771;17;;;761.0;-13.99700927734375
39;95400;VEV_4500;754;8;752;17;;;770;8;772;17;;;762.0;-13.08953857421875
39;95500;VEV_4500;754;10;752;13;;;771;10;772;13;;;762.5;-12.55914306640625
39;95600;VEV_4500;755;8;753;21;;;771;8;773;21;;;763.0;-12.3426513671875
39;95700;VEV_4500;755;12;753;24;;;771;12;773;24;;;763.0;-12.34832763671875
39;95800;VEV_4500;753;11;752;13;;;770;11;772;13;;;761.5;-13.41839599609375
39;95900;VEV_4500;754;8;752;12;;;770;8;772;12;;;762.0;-13.30596923828125
39;96000;VEV_4500;753;9;751;14;;;770;9;772;14;;;761.5;-13.5086669921875
39;96100;VEV_4500;754;11;752;22;;;770;11;772;22;;;762.0;-13.0965576171875
39;96200;VEV_4500;755;7;753;24;;;772;7;773;24;;;763.5;-11.61505126953125
39;96300;VEV_4500;756;12;755;15;;;773;12;775;15;;;764.5;-10.357666015625
39;96400;VEV_4500;758;12;756;13;;;774;12;776;13;;;766.0;-9.15985107421875
39;96500;VEV_4500;756;8;754;20;;;772;8;774;20;;;764.0;-10.6563720703125
39;96600;VEV_4500;755;8;753;21;;;771;8;773;21;;;763.0;-12.04547119140625
39;96700;VEV_4500;756;10;754;17;;;772;10;774;17;;;764.0;-11.3282470703125
39;96800;VEV_4500;755;12;753;24;;;771;12;773;24;;;763.0;-11.952880859375
39;96900;VEV_4500;756;8;754;18;;;772;8;774;18;;;764.0;-10.71026611328125
39;97000;VEV_4500;755;8;753;14;;;772;8;774;14;;;763.5;-11.4573974609375
39;97100;VEV_4500;754;8;752;13;;;771;8;772;13;;;762.5;-12.61962890625
39;97200;VEV_4500;754;12;752;15;;;771;12;772;15;;;762.5;-12.54168701171875
39;97300;VEV_4500;753;8;751;20;;;770;8;771;20;;;761.5;-13.58734130859375
39;97400;VEV_4500;753;10;751;12;;;769;10;771;12;;;761.0;-14.289794921875
39;97500;VEV_4500;753;6;752;18;;;770;6;772;18;;;761.5;-13.456787109375
39;97600;VEV_4500;754;11;752;15;;;770;11;772;15;;;762.0;-13.3707275390625
39;97700;VEV_4500;753;9;751;15;;;769;9;771;15;;;761.0;-13.737548828125
39;97800;VEV_4500;753;11;751;22;;;769;11;771;22;;;761.0;-13.99884033203125
39;97900;VEV_4500;753;8;751;13;;;769;8;771;13;;;761.0;-13.68109130859375
39;98000;VEV_4500;754;7;752;22;;;771;7;773;22;;;762.5;-12.51025390625
39;98100;VEV_4500;756;12;754;14;;;773;12;774;14;;;764.5;-10.56085205078125
39;98200;VEV_4500;758;6;756;24;;;774;6;776;24;;;766.0;-9.22528076171875
39;98300;VEV_4500;757;6;756;15;;;774;6;776;15;;;765.5;-9.40997314453125
39;98400;VEV_4500;756;6;754;17;;;773;6;775;17;;;764.5;-10.5504150390625
39;98500;VEV_4500;756;7;754;18;;;773;7;774;18;;;764.5;-10.5899658203125
39;98600;VEV_4500;758;11;756;12;;;774;11;776;12;;;766.0;-9.13677978515625
39;98700;VEV_4500;757;7;755;17;;;773;7;775;17;;;765.0;-10.093505859375
39;98800;VEV_4500;756;9;754;16;;;773;9;774;16;;;764.5;-10.611572265625
39;98900;VEV_4500;757;6;755;14;;;773;6;775;14;;;765.0;-10.190185546875
39;99000;VEV_4500;757;10;755;16;;;773;10;775;16;;;765.0;-9.77532958984375
39;99100;VEV_4500;756;7;754;14;;;772;7;774;14;;;764.0;-10.85162353515625
39;99200;VEV_4500;756;8;754;22;;;772;8;774;22;;;764.0;-10.95977783203125
39;99300;VEV_4500;755;10;753;23;;;771;10;773;23;;;763.0;-11.70330810546875
39;99400;VEV_4500;756;10;755;24;;;773;10;775;24;;;764.5;-10.4091796875
39;99500;VEV_4500;756;9;754;16;;;772;9;774;16;;;764.0;-11.0447998046875
39;99600;VEV_4500;756;10;754;17;;;772;10;774;17;;;764.0;-11.26580810546875
39;99700;VEV_4500;755;8;753;12;;;771;8;773;12;;;763.0;-12.22467041015625
39;99800;VEV_4500;756;7;754;17;;;772;7;774;17;;;764.0;-11.07501220703125
39;99900;VEV_4500;756;10;754;16;;;772;10;774;16;;;764.0;-10.922607421875
