day;timestamp;product;bid_price_1;bid_volume_1;bid_price_2;bid_volume_2;bid_price_3;bid_volume_3;ask_price_1;ask_volume_1;ask_price_2;ask_volume_2;ask_price_3;ask_volume_3;mid_price;profit_and_loss
39;0;HYDROGEL_PACK;10003;13;10001;21;;;10019;13;10022;21;;;10011.0;0.0
39;100;HYDROGEL_PACK;10004;15;10001;26;;;10020;15;10023;26;;;10012.0;-6.9912109375
39;200;HYDROGEL_PACK;10004;15;10002;30;;;10020;15;10023;30;;;10012.0;-6.7255859375
39;300;HYDROGEL_PACK;10005;12;10002;27;;;10021;12;10023;27;;;10013.0;-6.2587890625
39;400;HYDROGEL_PACK;10011;8;10003;12;10001;25;10019;12;10022;25;;;10015.0;-7.95703125
39;500;HYDROGEL_PACK;10002;11;9999;22;;;10018;11;10020;22;;;10010.0;-9.208984375
39;600;HYDROGEL_PACK;10002;13;9999;25;;;10018;13;10020;25;;;10010.0;-9.3583984375
39;700;HYDROGEL_PACK;10003;11;10001;23;;;10019;11;10022;23;;;10011.0;-7.7421875
39;800;HYDROGEL_PACK;10005;12;10003;27;;;10021;12;10024;27;;;10013.0;-5.5908203125
39;900;HYDROGEL_PACK;10009;12;10006;21;;;10025;12;10027;21;;;10017.0;-2.4541015625
39;1000;HYDROGEL_PACK;10012;14;10010;28;;;10028;14;10031;28;;;10020.0;1.2294921875
39;1100;HYDROGEL_PACK;10011;13;10009;28;;;10027;13;10030;28;;;10019.0;0.2294921875
39;1200;HYDROGEL_PACK;10013;12;10010;28;;;10029;12;10031;28;;;10021.0;1.9658203125
39;1300;HYDROGEL_PACK;10013;13;10010;23;;;10029;13;10032;23;;;10021.0;1.99609375
39;1400;HYDROGEL_PACK;10015;10;10012;24;;;10031;10;10033;24;;;10023.0;3.8369140625
39;1500;HYDROGEL_PACK;10017;12;10014;29;;;10024;4;10033;12;10035;29;10020.5;5.5498046875
39;1600;HYDROGEL_PACK;10016;14;10014;23;;;10032;14;10035;23;;;10024.0;5.1435546875
39;1700;HYDROGEL_PACK;10013;13;10010;24;;;10029;13;10031;24;;;10021.0;1.8525390625
39;1800;HYDROGEL_PACK;10011;13;10009;28;;;10027;13;10030;28;;;10019.0;0.294921875
39;1900;HYDROGEL_PACK;10011;15;10009;24;;;10027;15;10030;24;;;10019.0;0.453125
39;2000;HYDROGEL_PACK;10011;13;10009;22;;;10027;13;10030;22;;;10019.0;0.107421875
39;2100;HYDROGEL_PACK;10009;12;10007;25;;;10025;12;10028;25;;;10017.0;-1.763671875
39;2200;HYDROGEL_PACK;10009;10;10007;29;;;10025;10;10028;29;;;10017.0;-1.9189453125
39;2300;HYDROGEL_PACK;10007;14;10004;20;;;10023;14;10025;20;;;10015.0;-4.3037109375
39;2400;HYDROGEL_PACK;10010;10;10007;25;;;10026;10;10028;25;;;10018.0;-1.3095703125
39;2500;HYDROGEL_PACK;10011;14;10008;27;;;10027;14;10029;27;;;10019.0;-0.1162109375
39;2600;HYDROGEL_PACK;10012;13;10009;20;;;10028;13;10030;20;;;10020.0;0.892578125
39;2700;HYDROGEL_PACK;10014;14;10012;29;;;10030;14;10033;29;;;10022.0;3.0888671875
39;2800;HYDROGEL_PACK;10017;11;10015;22;;;10033;11;10036;22;;;10025.0;6.40625
39;2900;HYDROGEL_PACK;10018;15;10016;21;;;10034;15;10037;21;;;10026.0;7.0888671875
39;3000;HYDROGEL_PACK;10019;13;10017;27;;;10035;13;10038;27;;;10027.0;8.259765625
39;3100;HYDROGEL_PACK;10019;10;10017;25;;;10035;10;10038;25;;;10027.0;8.3046875
39;3200;HYDROGEL_PACK;10022;12;10019;28;;;10038;12;10040;28;;;10030.0;10.8486328125
39;3300;HYDROGEL_PACK;10021;12;10018;26;;;10037;12;10040;26;;;10029.0;9.9951171875
39;3400;HYDROGEL_PACK;10023;11;10021;25;;;10039;11;10042;25;;;10031.0;12.2978515625
39;3500;HYDROGEL_PACK;10021;10;10018;21;;;10037;10;10039;21;;;10029.0;9.6318359375
39;3600;HYDROGEL_PACK;10022;10;10020;30;;;10038;10;10041;30;;;10030.0;11.1142578125
39;3700;HYDROGEL_PACK;10021;15;10019;24;;;10037;15;10040;24;;;10029.0;10.2529296875
39;3800;HYDROGEL_PACK;10020;13;10017;29;;;10036;13;10038;29;;;10028.0;8.5625
39;3900;HYDROGEL_PACK;10016;13;10014;26;;;10032;13;10035;26;;;10024.0;5.130859375
39;4000;HYDROGEL_PACK;10018;15;10016;30;;;10034;15;10037;30;;;10026.0;7.421875
39;4100;HYDROGEL_PACK;10020;14;10017;25;;;10036;14;10038;25;;;10028.0;8.8662109375
39;4200;HYDROGEL_PACK;10022;10;10020;26;;;10038;10;10041;26;;;10030.0;11.2275390625
39;4300;HYDROGEL_PACK;10019;12;10016;24;;;10035;12;10038;24;;;10027.0;7.9951171875
39;4400;HYDROGEL_PACK;10020;10;10017;22;;;10036;10;10038;22;;;10028.0;8.658203125
39;4500;HYDROGEL_PACK;10017;14;10014;26;;;10033;14;10035;26;;;10025.0;5.693359375
39;4600;HYDROGEL_PACK;10017;15;10015;21;;;10033;15;10036;21;;;10025.0;6.1494140625
39;4700;HYDROGEL_PACK;10017;14;10015;27;;;10034;14;10036;27;;;10025.5;6.4912109375
39;4800;HYDROGEL_PACK;10017;10;10015;28;;;10033;10;10036;28;;;10025.0;6.138671875
39;4900;HYDROGEL_PACK;10020;15;10017;27;;;10036;15;10038;27;;;10028.0;8.677734375
39;5000;HYDROGEL_PACK;10019;12;10016;29;;;10035;12;10038;29;;;10027.0;8.00390625
39;5100;HYDROGEL_PACK;10016;11;10014;24;;;10032;11;10035;24;;;10024.0;5.228515625
39;5200;HYDROGEL_PACK;10011;15;10009;29;;;10027;15;10030;29;;;10019.0;0.1767578125
39;5300;HYDROGEL_PACK;10010;15;10007;21;;;10026;15;10028;21;;;10018.0;-1.3125
39;5400;HYDROGEL_PACK;10011;14;10008;20;;;10027;14;10029;20;;;10019.0;-0.2646484375
39;5500;HYDROGEL_PACK;10012;13;10010;28;;;10028;13;10031;28;;;10020.0;1.138671875
39;5600;HYDROGEL_PACK;10012;14;10010;21;;;10029;14;10031;21;;;10020.5;1.5146484375
39;5700;HYDROGEL_PACK;10010;12;10008;29;;;10026;12;10029;29;;;10018.0;-0.94140625
39;5800;HYDROGEL_PACK;10012;10;10009;28;;;10028;10;10030;28;;;10020.0;0.9033203125
39;5900;HYDROGEL_PACK;10011;15;10009;29;;;10027;15;10030;29;;;10019.0;0.2451171875
39;6000;HYDROGEL_PACK;10010;15;10007;30;;;10026;15;10028;30;;;10018.0;-1.0556640625
39;6100;HYDROGEL_PACK;10012;11;10009;28;;;10028;11;10030;28;;;10020.0;0.900390625
39;6200;HYDROGEL_PACK;10012;11;10009;20;;;10028;11;10030;20;;;10020.0;0.634765625
39;6300;HYDROGEL_PACK;10013;12;10010;22;;;10029;12;10031;22;;;10021.0;1.890625
39;6400;HYDROGEL_PACK;10010;14;10008;23;;;10026;14;10029;23;;;10018.0;-0.611328125
39;6500;HYDROGEL_PACK;10013;13;10011;24;;;10029;13;10032;24;;;10021.0;2.2841796875
39;6600;HYDROGEL_PACK;10011;15;10009;25;;;10028;15;10030;25;;;10019.5;0.4921875
39;6700;HYDROGEL_PACK;10014;13;10012;29;;;10030;13;10033;29;;;10022.0;3.072265625
39;6800;HYDROGEL_PACK;10016;10;10013;30;;;10032;10;10034;30;;;10024.0;4.8369140625
39;6900;HYDROGEL_PACK;10013;12;10010;22;;;10029;12;10031;22;;;10021.0;1.619140625
39;7000;HYDROGEL_PACK;10015;11;10012;22;;;10031;11;10033;22;;;10023.0;3.7294921875
39;7100;HYDROGEL_PACK;10013;15;10010;25;;;10029;15;10031;25;;;10021.0;1.775390625
39;7200;HYDROGEL_PACK;10011;11;10009;20;;;10027;11;10030;20;;;10019.0;0.4755859375
39;7300;HYDROGEL_PACK;10009;11;10006;21;;;10025;11;10027;21;;;10017.0;-2.1396484375
39;7400;HYDROGEL_PACK;10008;15;10006;26;;;10025;15;10027;26;;;10016.5;-2.490234375
39;7500;HYDROGEL_PACK;10009;14;10007;21;;;10025;14;10028;21;;;10017.0;-1.63671875
39;7600;HYDROGEL_PACK;10010;14;10008;30;;;10018;5;10026;14;10029;30;10014.0;-0.6875
39;7700;HYDROGEL_PACK;10008;10;10005;25;;;10024;10;10026;25;;;10016.0;-3.4560546875
39;7800;HYDROGEL_PACK;10006;11;10004;22;;;10022;11;10025;22;;;10014.0;-4.8486328125
39;7900;HYDROGEL_PACK;10006;13;10003;23;;;10022;13;10024;23;;;10014.0;-5.3310546875
39;8000;HYDROGEL_PACK;10004;15;10001;22;;;10020;15;10022;22;;;10012.0;-7.2021484375
39;8100;HYDROGEL_PACK;10007;10;10005;30;;;10023;10;10026;30;;;10015.0;-3.7470703125
39;8200;HYDROGEL_PACK;10006;12;10004;24;;;10022;12;10025;24;;;10014.0;-4.5107421875
39;8300;HYDROGEL_PACK;10011;15;10008;23;;;10027;15;10029;23;;;10019.0;-0.2021484375
39;8400;HYDROGEL_PACK;10010;13;10007;23;;;10026;13;10028;23;;;10018.0;-1.2646484375
39;8500;HYDROGEL_PACK;10010;14;10008;21;;;10026;14;10029;21;;;10018.0;-0.9189453125
39;8600;HYDROGEL_PACK;10012;13;10009;24;;;10028;13;10030;24;;;10020.0;0.9638671875
39;8700;HYDROGEL_PACK;10009;11;10006;30;;;10025;11;10027;30;;;10017.0;-2.3544921875
39;8800;HYDROGEL_PACK;10007;15;10005;22;;;10023;15;10026;22;;;10015.0;-3.951171875
39;8900;HYDROGEL_PACK;10009;11;10006;27;;;10025;11;10027;27;;;10017.0;-2.0361328125
39;9000;HYDROGEL_PACK;10012;14;10009;20;;;10028;14;10030;20;;;10020.0;0.626953125
39;9100;HYDROGEL_PACK;10011;12;10009;25;;;10027;12;10030;25;;;10019.0;0.103515625
39;9200;HYDROGEL_PACK;10011;12;10009;21;;;10027;12;10030;21;;;10019.0;0.36328125
39;9300;HYDROGEL_PACK;10012;12;10009;23;;;10028;12;10030;23;;;10020.0;0.890625
39;9400;HYDROGEL_PACK;10011;10;10009;30;;;10019;10;10027;10;10030;30;10015.0;0.3974609375
39;9500;HYDROGEL_PACK;10012;14;10010;27;;;10028;14;10031;27;;;10020.0;1.1650390625
39;9600;HYDROGEL_PACK;10014;10;10011;30;;;10030;10;10032;30;;;10022.0;2.5888671875
39;9700;HYDROGEL_PACK;10014;15;10012;26;;;10030;15;10033;26;;;10022.0;3.2236328125
39;9800;HYDROGEL_PACK;10013;13;10011;29;;;10029;13;10032;29;;;10021.0;2.240234375
39;9900;HYDROGEL_PACK;10013;11;10010;29;;;10029;11;10031;29;;;10021.0;1.9130859375
39;10000;HYDROGEL_PACK;10015;13;10013;23;;;10031;13;10034;23;;;10023.0;4.4580078125
39;10100;HYDROGEL_PACK;10018;10;10016;22;;;10034;10;10037;22;;;10026.0;7.3095703125
39;10200;HYDROGEL_PACK;10017;11;10015;23;;;10033;11;10036;23;;;10025.0;6.154296875
39;10300;HYDROGEL_PACK;10017;12;10014;21;;;10033;12;10035;21;;;10025.0;5.8525390625
39;10400;HYDROGEL_PACK;10015;12;10013;21;;;10031;12;10034;21;;;10023.0;4.3291015625
39;10500;HYDROGEL_PACK;10011;11;10009;29;;;10027;11;10030;29;;;10019.0;0.1650390625
39;10600;HYDROGEL_PACK;10006;11;10003;26;;;10022;11;10024;26;;;10014.0;-5.388671875
39;10700;HYDROGEL_PACK;10015;5;10007;13;10005;21;10023;13;10026;21;;;10019.0;-3.564453125
39;10800;HYDROGEL_PACK;10006;12;10004;23;;;10022;12;10025;23;;;10014.0;-4.8955078125
39;10900;HYDROGEL_PACK;10008;13;10006;30;;;10025;13;10027;30;;;10016.5;-2.5009765625
39;11000;HYDROGEL_PACK;10012;11;10009;24;;;10028;11;10030;24;;;10020.0;0.892578125
39;11100;HYDROGEL_PACK;10015;14;10012;25;;;10031;14;10033;25;;;10023.0;3.6279296875
39;11200;HYDROGEL_PACK;10014;10;10011;26;;;10030;10;10032;26;;;10022.0;2.7666015625
39;11300;HYDROGEL_PACK;10012;12;10010;29;;;10029;12;10031;29;;;10020.5;1.4921875
39;11400;HYDROGEL_PACK;10013;15;10011;22;;;10029;15;10032;22;;;10021.0;2.1982421875
39;11500;HYDROGEL_PACK;10012;15;10009;27;;;10028;15;10030;27;;;10020.0;0.69140625
39;11600;HYDROGEL_PACK;10011;11;10009;30;;;10027;11;10030;30;;;10019.0;0.21875
39;11700;HYDROGEL_PACK;10013;15;10011;22;;;10029;15;10032;22;;;10021.0;2.15625
39;11800;HYDROGEL_PACK;10013;14;10011;25;;;10029;14;10032;25;;;10021.0;2.0595703125
39;11900;HYDROGEL_PACK;10009;11;10007;20;;;10025;11;10028;20;;;10017.0;-1.59765625
39;12000;HYDROGEL_PACK;10010;10;10007;22;;;10026;10;10029;22;;;10018.0;-0.9912109375
39;12100;HYDROGEL_PACK;10009;14;10007;24;;;10025;14;10028;24;;;10017.0;-1.712890625
39;12200;HYDROGEL_PACK;10006;13;10004;24;;;10022;13;10025;24;;;10014.0;-4.7294921875
39;12300;HYDROGEL_PACK;10004;11;10001;20;;;10020;11;10022;20;;;10012.0;-7.4677734375
39;12400;HYDROGEL_PACK;10003;14;10001;28;;;10019;14;10022;28;;;10011.0;-7.92578125
39;12500;HYDROGEL_PACK;10001;15;9999;22;;;10017;15;10020;22;;;10009.0;-9.7578125
39;12600;HYDROGEL_PACK;10003;11;10001;28;;;10019;11;10022;28;;;10011.0;-7.73046875
39;12700;HYDROGEL_PACK;10002;15;10000;23;;;10018;15;10021;23;;;10010.0;-8.76171875
39;12800;HYDROGEL_PACK;10004;15;10001;23;;;10020;15;10022;23;;;10012.0;-7.30859375
39;12900;HYDROGEL_PACK;10007;14;10004;29;;;10023;14;10025;29;;;10015.0;-4.4072265625
39;13000;HYDROGEL_PACK;10004;13;10001;25;;;10020;13;10022;25;;;10012.0;-7.1630859375
39;13100;HYDROGEL_PACK;10006;15;10004;24;;;10022;15;10025;24;;;10014.0;-4.7607421875
39;13200;HYDROGEL_PACK;10004;12;10001;20;;;10020;12;10022;20;;;10012.0;-7.44921875
39;13300;HYDROGEL_PACK;10007;15;10004;29;;;10023;15;10025;29;;;10015.0;-4.427734375
39;13400;HYDROGEL_PACK;10006;12;10004;29;;;10022;12;10025;29;;;10014.0;-4.751953125
39;13500;HYDROGEL_PACK;10005;15;10003;21;;;10021;15;10024;21;;;10013.0;-5.9296875
39;13600;HYDROGEL_PACK;10004;11;10001;30;;;10020;11;10022;30;;;10012.0;-7.140625
39;13700;HYDROGEL_PACK;10004;10;10001;29;;;10020;10;10022;29;;;10012.0;-7.44140625
39;13800;HYDROGEL_PACK;10006;12;10003;26;;;10022;12;10024;26;;;10014.0;-5.09375
39;13900;HYDROGEL_PACK;10011;12;10008;20;;;10027;12;10029;20;;;10019.0;-0.40234375
39;14000;HYDROGEL_PACK;10009;15;10007;28;;;10025;15;10028;28;;;10017.0;-1.7080078125
39;14100;HYDROGEL_PACK;10009;14;10007;27;;;10025;14;10028;27;;;10017.0;-1.5966796875
39;14200;HYDROGEL_PACK;10010;15;10007;26;;;10026;15;10028;26;;;10018.0;-1.056640625
39;14300;HYDROGEL_PACK;10011;13;10008;30;;;10027;13;10029;30;;;10019.0;-0.1240234375
39;14400;HYDROGEL_PACK;10012;10;10010;26;;;10028;10;10031;26;;;10020.0;1.1181640625
39;14500;HYDROGEL_PACK;10013;10;10011;20;;;10029;10;10032;20;;;10021.0;2.4228515625
39;14600;HYDROGEL_PACK;10016;15;10013;22;;;10032;15;10034;22;;;10024.0;4.5810546875
39;14700;HYDROGEL_PACK;10014;12;10011;26;;;10030;12;10032;26;;;10022.0;2.9267578125
39;14800;HYDROGEL_PACK;10015;14;10012;23;;;10031;14;10033;23;;;10023.0;3.55078125
39;14900;HYDROGEL_PACK;10015;13;10012;20;;;10031;13;10033;20;;;10023.0;3.5693359375
39;15000;HYDROGEL_PACK;10015;13;10012;25;;;10031;13;10033;25;;;10023.0;3.70703125
39;15100;HYDROGEL_PACK;10015;11;10013;26;;;10031;11;10034;26;;;10023.0;4.40625
39;15200;HYDROGEL_PACK;10017;10;10014;25;;;10033;10;10035;25;;;10025.0;5.8486328125
39;15300;HYDROGEL_PACK;10016;11;10014;24;;;10032;11;10035;24;;;10024.0;5.4599609375
39;15400;HYDROGEL_PACK;10018;14;10016;23;;;10034;14;10037;23;;;10026.0;7.259765625
39;15500;HYDROGEL_PACK;10022;10;10015;10;10012;22;10031;10;10033;22;;;10026.5;3.859375
39;15600;HYDROGEL_PACK;10016;11;10013;23;;;10032;11;10034;23;;;10024.0;4.6611328125
39;15700;HYDROGEL_PACK;10019;15;10016;20;;;10035;15;10037;20;;;10027.0;7.5771484375
39;15800;HYDROGEL_PACK;10018;15;10015;23;;;10034;15;10036;23;;;10026.0;6.654296875
39;15900;HYDROGEL_PACK;10016;10;10014;30;;;10032;10;10035;30;;;10024.0;5.349609375
39;16000;HYDROGEL_PACK;10015;10;10012;23;;;10031;10;10033;23;;;10023.0;3.6103515625
39;16100;HYDROGEL_PACK;10017;13;10014;25;;;10033;13;10035;25;;;10025.0;5.66015625
39;16200;HYDROGEL_PACK;10020;12;10017;21;;;10036;12;10038;21;;;10028.0;8.734375
39;16300;HYDROGEL_PACK;10018;13;10016;22;;;10034;13;10037;22;;;10026.0;7.1630859375
39;16400;HYDROGEL_PACK;10021;13;10018;26;;;10037;13;10039;26;;;10029.0;9.9423828125
39;16500;HYDROGEL_PACK;10019;15;10016;22;;;10035;15;10037;22;;;10027.0;7.6689453125
39;16600;HYDROGEL_PACK;10017;15;10015;27;;;10033;15;10036;27;;;10025.0;6.111328125
39;16700;HYDROGEL_PACK;10017;13;10015;30;;;10033;13;10036;30;;;10025.0;6.2841796875
39;16800;HYDROGEL_PACK;10018;10;10016;26;;;10034;10;10037;26;;;10026.0;7.4677734375
39;16900;HYDROGEL_PACK;10014;14;10011;23;;;10030;14;10032;23;;;10022.0;2.7138671875
39;17000;HYDROGEL_PACK;10014;11;10011;27;;;10030;11;10032;27;;;10022.0;2.5263671875
39;17100;HYDROGEL_PACK;10011;12;10008;25;;;10027;12;10029;25;;;10019.0;-0.1728515625
39;17200;HYDROGEL_PACK;10016;13;10013;24;;;10032;13;10034;24;;;10024.0;4.7724609375
39;17300;HYDROGEL_PACK;10014;12;10011;29;;;10030;12;10032;29;;;10022.0;2.521484375
39;17400;HYDROGEL_PACK;10013;11;10011;21;;;10029;11;10032;21;;;10021.0;2.2099609375
39;17500;HYDROGEL_PACK;10012;11;10010;27;;;10028;11;10031;27;;;10020.0;1.08203125
39;17600;HYDROGEL_PACK;10012;14;10010;25;;;10028;14;10031;25;;;10020.0;1.4501953125
39;17700;HYDROGEL_PACK;10010;10;10008;24;;;10026;10;10029;24;;;10018.0;-0.82421875
39;17800;HYDROGEL_PACK;10013;10;10010;23;;;10029;10;10031;23;;;10021.0;1.6826171875
39;17900;HYDROGEL_PACK;10010;11;10007;22;;;10026;11;10028;22;;;10018.0;-1.3251953125
39;18000;HYDROGEL_PACK;10010;15;10008;23;;;10026;15;10029;23;;;10018.0;-0.8798828125
39;18100;HYDROGEL_PACK;10008;11;10005;30;;;10024;11;10026;30;;;10016.0;-3.4638671875
39;18200;HYDROGEL_PACK;10008;10;10005;28;;;10024;10;10026;28;;;10016.0;-3.3984375
39;18300;HYDROGEL_PACK;10009;11;10006;28;;;10025;11;10027;28;;;10017.0;-2.0869140625
39;18400;HYDROGEL_PACK;10007;10;10005;22;;;10023;10;10026;22;;;10015.0;-3.7861328125
39;18500;HYDROGEL_PACK;10004;11;10001;25;;;10020;11;10022;25;;;10012.0;-7.205078125
39;18600;HYDROGEL_PACK;10004;11;10002;25;;;10020;11;10023;25;;;10012.0;-6.8251953125
39;18700;HYDROGEL_PACK;10007;13;10004;20;;;10023;13;10025;20;;;10015.0;-4.4560546875
39;18800;HYDROGEL_PACK;10005;13;10002;29;;;10021;13;10023;29;;;10013.0;-6.0849609375
39;18900;HYDROGEL_PACK;10004;12;10001;30;;;10020;12;10022;30;;;10012.0;-7.349609375
39;19000;HYDROGEL_PACK;10003;10;10000;27;;;10019;10;10021;27;;;10011.0;-8.40234375
39;19100;HYDROGEL_PACK;10004;13;10002;29;;;10020;13;10023;29;;;10012.0;-6.8212890625
39;19200;HYDROGEL_PACK;10007;10;10004;23;;;10023;10;10025;23;;;10015.0;-4.0703125
39;19300;HYDROGEL_PACK;10008;15;10006;22;;;10024;15;10027;22;;;10016.0;-2.5908203125
39;19400;HYDROGEL_PACK;10010;14;10007;24;;;10026;14;10028;24;;;10018.0;-1.0908203125
39;19500;HYDROGEL_PACK;10009;11;10007;23;;;10025;11;10028;23;;;10017.0;-1.9482421875
39;19600;HYDROGEL_PACK;10009;11;10006;26;;;10025;11;10027;26;;;10017.0;-2.3720703125
39;19700;HYDROGEL_PACK;10007;15;10005;25;;;10023;15;10026;25;;;10015.0;-3.6396484375
39;19800;HYDROGEL_PACK;10007;14;10005;29;;;10015;4;10023;14;10026;29;10011.0;-3.5224609375
39;19900;HYDROGEL_PACK;10010;10;10007;26;;;10026;10;10028;26;;;10018.0;-1.12109375
39;20000;HYDROGEL_PACK;10008;14;10006;21;;;10024;14;10027;21;;;10016.0;-2.8544921875
39;20100;HYDROGEL_PACK;10007;11;10005;30;;;10023;11;10026;30;;;10015.0;-3.908203125
39;20200;HYDROGEL_PACK;10005;14;10003;26;;;10021;14;10024;26;;;10013.0;-5.5703125
39;20300;HYDROGEL_PACK;10006;11;10003;26;;;10022;11;10024;26;;;10014.0;-5.23046875
39;20400;HYDROGEL_PACK;10003;11;10000;27;;;10019;11;10021;27;;;10011.0;-8.0703125
39;20500;HYDROGEL_PACK;9999;10;9997;28;;;10015;10;10018;28;;;10007.0;-11.6279296875
39;20600;HYDROGEL_PACK;9997;13;9995;25;;;10013;13;10016;25;;;10005.0;-13.8291015625
39;20700;HYDROGEL_PACK;9999;15;9996;20;;;10015;15;10017;20;;;10007.0;-12.158203125
39;20800;HYDROGEL_PACK;10000;10;9997;23;;;10016;10;10018;23;;;10008.0;-11.3525390625
39;20900;HYDROGEL_PACK;10000;14;9997;20;;;10016;14;10018;20;;;10008.0;-11.376953125
39;21000;HYDROGEL_PACK;9997;10;9995;21;;;10013;10;10016;21;;;10005.0;-13.736328125
39;21100;HYDROGEL_PACK;9997;11;9994;26;;;10013;11;10015;26;;;10005.0;-14.1494140625
39;21200;HYDROGEL_PACK;9999;12;9997;25;;;10015;12;10018;25;;;10007.0;-11.75
39;21300;HYDROGEL_PACK;9997;14;9995;30;;;10013;14;10016;30;;;10005.0;-13.533203125
39;21400;HYDROGEL_PACK;9995;12;9993;24;;;10011;12;10014;24;;;10003.0;-15.7861328125
39;21500;HYDROGEL_PACK;9998;15;9995;29;;;10014;15;10016;29;;;10006.0;-13.3642578125
39;21600;HYDROGEL_PACK;9999;14;9996;27;;;10015;14;10017;27;;;10007.0;-12.1220703125
39;21700;HYDROGEL_PACK;10002;14;9999;27;;;10018;14;10020;27;;;10010.0;-9.0126953125
39;21800;HYDROGEL_PACK;10003;10;10000;23;;;10019;10;10021;23;;;10011.0;-8.3203125
39;21900;HYDROGEL_PACK;10004;13;10001;29;;;10020;13;10022;29;;;10012.0;-7.2880859375
39;22000;HYDROGEL_PACK;10000;15;9997;27;;;10016;15;10018;27;;;10008.0;-11.064453125
39;22100;HYDROGEL_PACK;9996;11;9994;29;;;10012;11;10015;29;;;10004.0;-14.6943359375
39;22200;HYDROGEL_PACK;9997;11;9995;28;;;10013;11;10016;28;;;10005.0;-13.857421875
39;22300;HYDROGEL_PACK;9994;15;9991;28;;;10001;4;10010;15;10012;28;9997.5;-17.0625
39;22400;HYDROGEL_PACK;9996;11;9993;26;;;10012;11;10014;26;;;10004.0;-15.4775390625
39;22500;HYDROGEL_PACK;9996;14;9993;27;;;10012;14;10014;27;;;10004.0;-15.271484375
39;22600;HYDROGEL_PACK;9999;11;9996;28;;;10015;11;10017;28;;;10007.0;-12.11328125
39;22700;HYDROGEL_PACK;9999;10;9996;30;;;10015;10;10017;30;;;10007.0;-12.1181640625
39;22800;HYDROGEL_PACK;10001;14;9998;25;;;10017;14;10019;25;;;10009.0;-10.1328125
39;22900;HYDROGEL_PACK;9997;11;9994;26;;;10013;11;10015;26;;;10005.0;-14.31640625
39;23000;HYDROGEL_PACK;9995;12;9993;22;;;10011;12;10014;22;;;10003.0;-15.5546875
39;23100;HYDROGEL_PACK;9995;13;9992;29;;;10011;13;10013;29;;;10003.0;-16.2353515625
39;23200;HYDROGEL_PACK;9996;14;9993;27;;;10003;7;10012;14;10014;27;9999.5;-15.291015625
39;23300;HYDROGEL_PACK;9992;12;9990;26;;;10008;12;10011;26;;;10000.0;-18.650390625
39;23400;HYDROGEL_PACK;9994;11;9991;28;;;10010;11;10012;28;;;10002.0;-17.0634765625
39;23500;HYDROGEL_PACK;9993;11;9990;28;;;10009;11;10011;28;;;10001.0;-18.2744140625
39;23600;HYDROGEL_PACK;9992;15;9990;21;;;10008;15;10011;21;;;10000.0;-18.552734375
39;23700;HYDROGEL_PACK;9993;11;9990;30;;;10009;11;10011;30;;;10001.0;-18.068359375
39;23800;HYDROGEL_PACK;9995;14;9993;27;;;10011;14;10014;27;;;10003.0;-15.7861328125
39;23900;HYDROGEL_PACK;9993;15;9991;29;;;10009;15;10012;29;;;10001.0;-17.98046875
39;24000;HYDROGEL_PACK;9993;12;9990;23;;;10009;12;10011;23;;;10001.0;-18.484375
39;24100;HYDROGEL_PACK;9991;12;9989;23;;;10007;12;10010;23;;;9999.0;-19.9873046875
39;24200;HYDROGEL_PACK;9988;11;9986;30;;;10004;11;10007;30;;;9996.0;-22.6845703125
39;24300;HYDROGEL_PACK;9989;12;9986;30;;;10005;12;10007;30;;;9997.0;-22.32421875
39;24400;HYDROGEL_PACK;9990;14;9987;20;;;9997;9;10006;14;10008;20;9993.5;-21.115234375
39;24500;HYDROGEL_PACK;9987;11;9985;24;;;10003;11;10006;24;;;9995.0;-23.65625
39;24600;HYDROGEL_PACK;9987;14;9984;23;;;10003;14;10005;23;;;9995.0;-24.1533203125
39;24700;HYDROGEL_PACK;9985;12;9983;22;;;10001;12;10004;22;;;9993.0;-25.5380859375
39;24800;HYDROGEL_PACK;9985;11;9982;20;;;10001;11;10003;20;;;9993.0;-26.1484375
39;24900;HYDROGEL_PACK;9984;11;9981;28;;;10000;11;10002;28;;;9992.0;-27.2314453125
39;25000;HYDROGEL_PACK;9982;14;9979;25;;;9998;14;10000;25;;;9990.0;-29.388671875
39;25100;HYDROGEL_PACK;9988;8;9981;10;9978;30;9997;10;9999;30;;;9992.5;-30.0615234375
39;25200;HYDROGEL_PACK;9980;10;9978;24;;;9996;10;9999;24;;;9988.0;-30.53515625
39;25300;HYDROGEL_PACK;9979;11;9976;28;;;9995;11;9997;28;;;9987.0;-32.0849609375
39;25400;HYDROGEL_PACK;9979;14;9977;28;;;9995;14;9998;28;;;9987.0;-31.7412109375
39;25500;HYDROGEL_PACK;9978;11;9976;22;;;9994;11;9997;22;;;9986.0;-32.65625
39;25600;HYDROGEL_PACK;9978;14;9975;24;;;9994;14;9996;24;;;9986.0;-33.033203125
39;25700;HYDROGEL_PACK;9976;14;9973;21;;;9992;14;9994;21;;;9984.0;-35.0322265625
39;25800;HYDROGEL_PACK;9976;15;9973;20;;;9992;15;9994;20;;;9984.0;-35.349609375
39;25900;HYDROGEL_PACK;9978;12;9976;30;;;9994;12;9997;30;;;9986.0;-32.5126953125
39;26000;HYDROGEL_PACK;9978;13;9976;21;;;9994;13;9997;21;;;9986.0;-32.912109375
39;26100;HYDROGEL_PACK;9981;10;9979;28;;;9997;10;10000;28;;;9989.0;-29.6279296875
39;26200;HYDROGEL_PACK;9982;15;9979;30;;;9998;15;10000;30;;;9990.0;-29.279296875
39;26300;HYDROGEL_PACK;9982;13;9979;22;;;9998;13;10000;22;;;9990.0;-29.20703125
39;26400;HYDROGEL_PACK;9982;13;9979;23;;;9998;13;10000;23;;;9990.0;-29.33984375
39;26500;HYDROGEL_PACK;9983;13;9980;27;;;9999;13;10001;27;;;9991.0;-28.0947265625
39;26600;HYDROGEL_PACK;9980;12;9978;27;;;9996;12;9999;27;;;9988.0;-30.7158203125
39;26700;HYDROGEL_PACK;9977;10;9974;24;;;9993;10;9995;24;;;9985.0;-34.19921875
39;26800;HYDROGEL_PACK;9980;15;9977;24;;;9987;8;9996;15;9998;24;9983.5;-31.458984375
39;26900;HYDROGEL_PACK;9982;10;9979;30;;;9998;10;10000;30;;;9990.0;-29.0517578125
39;27000;HYDROGEL_PACK;9985;11;9983;26;;;10001;11;10004;26;;;9993.0;-25.6416015625
39;27100;HYDROGEL_PACK;9987;10;9985;21;;;10003;10;10006;21;;;9995.0;-23.9072265625
39;27200;HYDROGEL_PACK;9989;13;9986;22;;;10005;13;10007;22;;;9997.0;-22.0224609375
39;27300;HYDROGEL_PACK;9988;10;9986;26;;;10004;10;10007;26;;;9996.0;-22.8720703125
39;27400;HYDROGEL_PACK;9990;15;9988;27;;;10006;15;10009;27;;;9998.0;-20.5029296875
39;27500;HYDROGEL_PACK;9992;10;9989;26;;;10008;10;10010;26;;;10000.0;-19.0166015625
39;27600;HYDROGEL_PACK;9991;11;9988;25;;;10007;11;10009;25;;;9999.0;-20.18359375
39;27700;HYDROGEL_PACK;9989;10;9986;22;;;10005;10;10007;22;;;9997.0;-22.1884765625
39;27800;HYDROGEL_PACK;9986;15;9984;22;;;10002;15;10005;22;;;9994.0;-24.6943359375
39;27900;HYDROGEL_PACK;9986;14;9984;22;;;10002;14;10005;22;;;9994.0;-24.859375
39;28000;HYDROGEL_PACK;9995;4;9988;15;9985;26;10004;15;10006;26;;;9999.5;-23.0712890625
39;28100;HYDROGEL_PACK;9985;11;9983;22;;;10001;11;10004;22;;;9993.0;-25.9697265625
39;28200;HYDROGEL_PACK;9986;11;9984;23;;;10002;11;10005;23;;;9994.0;-24.9658203125
39;28300;HYDROGEL_PACK;9987;13;9985;21;;;10003;13;10006;21;;;9995.0;-23.6328125
39;28400;HYDROGEL_PACK;9990;10;9988;21;;;10006;10;10009;21;;;9998.0;-20.609375
39;28500;HYDROGEL_PACK;9990;11;9988;26;;;10006;11;10009;26;;;9998.0;-20.900390625
39;28600;HYDROGEL_PACK;9990;15;9988;28;;;10006;15;10009;28;;;9998.0;-20.671875
39;28700;HYDROGEL_PACK;9992;11;9989;27;;;10008;11;10010;27;;;10000.0;-19.4267578125
39;28800;HYDROGEL_PACK;9990;15;9987;30;;;10006;15;10008;30;;;9998.0;-21.2470703125
39;28900;HYDROGEL_PACK;9991;14;9988;23;;;10007;14;10009;23;;;9999.0;-20.1435546875
39;29000;HYDROGEL_PACK;9988;10;9986;25;;;10004;10;10007;25;;;9996.0;-22.578125
39;29100;HYDROGEL_PACK;9992;11;9989;30;;;10008;11;10010;30;;;10000.0;-19.2001953125
39;29200;HYDROGEL_PACK;9993;14;9991;20;;;10009;14;10012;20;;;10001.0;-17.6455078125
39;29300;HYDROGEL_PACK;9996;11;9993;21;;;10012;11;10014;21;;;10004.0;-15.3408203125
39;29400;HYDROGEL_PACK;9997;15;9994;24;;;10013;15;10015;24;;;10005.0;-14.095703125
39;29500;HYDROGEL_PACK;9998;14;9995;23;;;10014;14;10016;23;;;10006.0;-13.431640625
39;29600;HYDROGEL_PACK;9999;10;9996;27;;;10015;10;10017;27;;;10007.0;-12.4423828125
39;29700;HYDROGEL_PACK;9997;12;9995;29;;;10013;12;10016;29;;;10005.0;-13.7822265625
39;29800;HYDROGEL_PACK;9997;15;9995;23;;;10014;15;10016;23;;;10005.5;-13.5
39;29900;HYDROGEL_PACK;9997;12;9995;25;;;10013;12;10016;25;;;10005.0;-13.525390625
39;30000;HYDROGEL_PACK;9997;13;9995;26;;;10013;13;10016;26;;;10005.0;-13.7001953125
39;30100;HYDROGEL_PACK;9994;13;9992;28;;;10010;13;10013;28;;;10002.0;-16.5400390625
39;30200;HYDROGEL_PACK;9993;13;9990;24;;;10009;13;10011;24;;;10001.0;-18.3310546875
39;30300;HYDROGEL_PACK;9992;13;9989;23;;;10008;13;10010;23;;;10000.0;-19.4814453125
39;30400;HYDROGEL_PACK;9989;15;9986;24;;;10005;15;10007;24;;;9997.0;-22.1953125
39;30500;HYDROGEL_PACK;9988;12;9986;20;;;10004;12;10007;20;;;9996.0;-22.939453125
39;30600;HYDROGEL_PACK;9987;13;9985;25;;;10003;13;10006;25;;;9995.0;-23.611328125
39;30700;HYDROGEL_PACK;9985;15;9983;24;;;10001;15;10004;24;;;9993.0;-25.888671875
39;30800;HYDROGEL_PACK;9982;13;9979;29;;;9998;13;10000;29;;;9990.0;-29.1923828125
39;30900;HYDROGEL_PACK;9980;14;9978;24;;;9996;14;9999;24;;;9988.0;-30.603515625
39;31000;HYDROGEL_PACK;9980;14;9977;30;;;9996;14;9998;30;;;9988.0;-31.0888671875
39;31100;HYDROGEL_PACK;9985;13;9983;26;;;10001;13;10004;26;;;9993.0;-25.87109375
39;31200;HYDROGEL_PACK;9985;15;9982;26;;;10001;15;10003;26;;;9993.0;-26.2783203125
39;31300;HYDROGEL_PACK;9987;15;9985;26;;;10003;15;10006;26;;;9995.0;-23.78125
39;31400;HYDROGEL_PACK;9990;12;9987;23;;;10006;12;10008;23;;;9998.0;-21.33984375
39;31500;HYDROGEL_PACK;9988;12;9985;26;;;10004;12;10006;26;;;9996.0;-23.1435546875
39;31600;HYDROGEL_PACK;9992;12;9990;20;;;10008;12;10011;20;;;10000.0;-18.822265625
39;31700;HYDROGEL_PACK;9994;14;9992;20;;;10010;14;10013;20;;;10002.0;-16.8271484375
39;31800;HYDROGEL_PACK;9993;10;9991;29;;;10009;10;10012;29;;;10001.0;-17.5400390625
39;31900;HYDROGEL_PACK;9994;10;9991;27;;;10010;10;10012;27;;;10002.0;-17.306640625
39;32000;HYDROGEL_PACK;9996;11;9993;27;;;10012;11;10014;27;;;10004.0;-15.373046875
39;32100;HYDROGEL_PACK;9995;13;9992;20;;;10011;13;10013;20;;;10003.0;-16.1298828125
39;32200;HYDROGEL_PACK;9994;12;9992;20;;;10010;12;10013;20;;;10002.0;-16.8408203125
39;32300;HYDROGEL_PACK;9996;10;9993;27;;;10012;10;10015;27;;;10004.0;-15.0
39;32400;HYDROGEL_PACK;9997;12;9994;28;;;10013;12;10015;28;;;10005.0;-14.328125
39;32500;HYDROGEL_PACK;9998;15;9995;29;;;10014;15;10016;29;;;10006.0;-13.0341796875
39;32600;HYDROGEL_PACK;10000;14;9997;23;;;10016;14;10018;23;;;10008.0;-11.34765625
39;32700;HYDROGEL_PACK;10003;11;10001;21;;;10019;11;10022;21;;;10011.0;-7.8759765625
39;32800;HYDROGEL_PACK;10002;12;9999;24;;;10009;9;10018;12;10020;24;10005.5;-9.2353515625
39;32900;HYDROGEL_PACK;10002;10;10000;28;;;10019;10;10021;28;;;10010.5;-8.50390625
39;33000;HYDROGEL_PACK;10003;10;10000;22;;;10019;10;10021;22;;;10011.0;-8.3974609375
39;33100;HYDROGEL_PACK;10002;10;10000;21;;;10018;10;10021;21;;;10010.0;-8.7978515625
39;33200;HYDROGEL_PACK;10001;12;9999;27;;;10017;12;10020;27;;;10009.0;-9.8779296875
39;33300;HYDROGEL_PACK;9998;13;9995;25;;;10014;13;10016;25;;;10006.0;-13.029296875
39;33400;HYDROGEL_PACK;9999;13;9996;20;;;10006;9;10015;13;10017;20;10002.5;-12.4423828125
39;33500;HYDROGEL_PACK;10001;14;9998;25;;;10017;14;10019;25;;;10009.0;-10.2333984375
39;33600;HYDROGEL_PACK;9999;10;9997;26;;;10015;10;10018;26;;;10007.0;-11.9658203125
39;33700;HYDROGEL_PACK;9999;13;9997;27;;;10015;13;10018;27;;;10007.0;-11.6884765625
39;33800;HYDROGEL_PACK;9998;12;9995;24;;;10014;12;10016;24;;;10006.0;-13.0654296875
39;33900;HYDROGEL_PACK;9997;10;9994;20;;;10013;10;10015;20;;;10005.0;-14.3154296875
39;34000;HYDROGEL_PACK;10000;11;9998;25;;;10016;11;10019;25;;;10008.0;-10.763671875
39;34100;HYDROGEL_PACK;10003;13;10000;29;;;10019;13;10021;29;;;10011.0;-8.119140625
39;34200;HYDROGEL_PACK;10000;14;9998;21;;;10016;14;10019;21;;;10008.0;-10.6044921875
39;34300;HYDROGEL_PACK;9999;10;9997;30;;;10015;10;10018;30;;;10007.0;-11.837890625
39;34400;HYDROGEL_PACK;9998;15;9995;25;;;10014;15;10016;25;;;10006.0;-13.24609375
39;34500;HYDROGEL_PACK;9997;15;9995;21;;;10013;15;10016;21;;;10005.0;-13.80078125
39;34600;HYDROGEL_PACK;9999;10;9996;20;;;10015;10;10017;20;;;10007.0;-12.15625
39;34700;HYDROGEL_PACK;9997;15;9994;29;;;10013;15;10015;29;;;10005.0;-14.19921875
39;34800;HYDROGEL_PACK;9995;15;9992;27;;;10011;15;10013;27;;;10003.0;-16.0244140625
39;34900;HYDROGEL_PACK;9995;12;9992;26;;;10011;12;10013;26;;;10003.0;-16.015625
39;35000;HYDROGEL_PACK;9992;13;9990;24;;;10008;13;10011;24;;;10000.0;-18.7265625
39;35100;HYDROGEL_PACK;9991;11;9988;20;;;10007;11;10009;20;;;9999.0;-20.3603515625
39;35200;HYDROGEL_PACK;9989;14;9987;20;;;10005;14;10008;20;;;9997.0;-21.5341796875
39;35300;HYDROGEL_PACK;9987;15;9984;30;;;10003;15;10005;30;;;9995.0;-24.197265625
39;35400;HYDROGEL_PACK;9987;12;9985;25;;;10003;12;10006;25;;;9995.0;-23.91015625
39;35500;HYDROGEL_PACK;9985;13;9982;20;;;10001;13;10003;20;;;9993.0;-26.37109375
39;35600;HYDROGEL_PACK;9983;13;9980;20;;;9999;13;10001;20;;;9991.0;-28.0185546875
39;35700;HYDROGEL_PACK;9983;11;9981;22;;;9999;11;10002;22;;;9991.0;-27.7685546875
39;35800;HYDROGEL_PACK;9983;10;9980;26;;;9999;10;10001;26;;;9991.0;-28.220703125
39;35900;HYDROGEL_PACK;9980;11;9978;20;;;9996;11;9999;20;;;9988.0;-30.529296875
39;36000;HYDROGEL_PACK;9983;14;9980;24;;;9999;14;10001;24;;;9991.0;-28.3232421875
39;36100;HYDROGEL_PACK;9981;15;9979;27;;;9997;15;10000;27;;;9989.0;-29.8759765625
39;36200;HYDROGEL_PACK;9982;15;9980;29;;;9998;15;10001;29;;;9990.0;-28.7568359375
39;36300;HYDROGEL_PACK;9982;15;9980;20;;;9998;15;10001;20;;;9990.0;-28.7255859375
39;36400;HYDROGEL_PACK;9984;12;9981;25;;;10000;12;10002;25;;;9992.0;-27.486328125
39;36500;HYDROGEL_PACK;9983;15;9980;21;;;9999;15;10001;21;;;9991.0;-28.09375
39;36600;HYDROGEL_PACK;9982;15;9980;23;;;9998;15;10001;23;;;9990.0;-28.6328125
39;36700;HYDROGEL_PACK;9984;12;9982;27;;;10000;12;10003;27;;;9992.0;-26.5205078125
39;36800;HYDROGEL_PACK;9984;12;9982;21;;;10000;12;10003;21;;;9992.0;-26.8076171875
39;36900;HYDROGEL_PACK;9984;11;9982;23;;;10000;11;10003;23;;;9992.0;-26.51953125
39;37000;HYDROGEL_PACK;9982;11;9980;28;;;9998;11;10001;28;;;9990.0;-28.7685546875
39;37100;HYDROGEL_PACK;9981;14;9979;23;;;9997;14;10000;23;;;9989.0;-29.6474609375
39;37200;HYDROGEL_PACK;9980;15;9977;24;;;9996;15;9998;24;;;9988.0;-31.2763671875
39;37300;HYDROGEL_PACK;9980;11;9977;29;;;9996;11;9998;29;;;9988.0;-31.1103515625
39;37400;HYDROGEL_PACK;9977;14;9975;20;;;9993;14;9996;20;;;9985.0;-33.7294921875
39;37500;HYDROGEL_PACK;9977;15;9974;22;;;9993;15;9995;22;;;9985.0;-34.291015625
39;37600;HYDROGEL_PACK;9976;12;9974;24;;;9992;12;9995;24;;;9984.0;-34.517578125
39;37700;HYDROGEL_PACK;9976;12;9973;21;;;9992;12;9994;21;;;9984.0;-35.4716796875
39;37800;HYDROGEL_PACK;9985;8;9978;11;9975;25;9994;11;9996;25;;;9989.5;-33.294921875
39;37900;HYDROGEL_PACK;9976;11;9974;27;;;9992;11;9995;27;;;9984.0;-34.8369140625
39;38000;HYDROGEL_PACK;9978;13;9975;24;;;9994;13;9996;24;;;9986.0;-33.21875
39;38100;HYDROGEL_PACK;9976;14;9973;27;;;9992;14;9994;27;;;9984.0;-35.447265625
39;38200;HYDROGEL_PACK;9976;14;9974;29;;;9992;14;9995;29;;;9984.0;-34.8056640625
39;38300;HYDROGEL_PACK;9979;14;9977;25;;;9995;14;9998;25;;;9987.0;-31.6162109375
39;38400;HYDROGEL_PACK;9977;11;9974;25;;;9993;11;9995;25;;;9985.0;-34.1318359375
39;38500;HYDROGEL_PACK;9975;13;9973;22;;;9991;13;9994;22;;;9983.0;-35.978515625
39;38600;HYDROGEL_PACK;9977;10;9975;29;;;9993;10;9996;29;;;9985.0;-33.5986328125
39;38700;HYDROGEL_PACK;9979;10;9976;26;;;9995;10;9997;26;;;9987.0;-32.1923828125
39;38800;HYDROGEL_PACK;9978;15;9975;21;;;9994;15;9996;21;;;9986.0;-33.330078125
39;38900;HYDROGEL_PACK;9977;15;9975;21;;;9993;15;9996;21;;;9985.0;-33.5517578125
39;39000;HYDROGEL_PACK;9979;11;9977;29;;;9995;11;9998;29;;;9987.0;-31.5556640625
39;39100;HYDROGEL_PACK;9980;10;9978;21;;;9996;10;9999;21;;;9988.0;-30.9462890625
39;39200;HYDROGEL_PACK;9979;13;9976;21;;;9995;13;9997;21;;;9987.0;-32.4306640625
39;39300;HYDROGEL_PACK;9980;12;9978;21;;;9996;12;9999;21;;;9988.0;-30.58984375
39;39400;HYDROGEL_PACK;9983;14;9981;25;;;9999;14;10002;25;;;9991.0;-27.9794921875
39;39500;HYDROGEL_PACK;9984;13;9982;23;;;10000;13;10003;23;;;9992.0;-26.8974609375
39;39600;HYDROGEL_PACK;9985;14;9982;28;;;10000;14;10003;28;;;9992.5;-26.4951171875
39;39700;HYDROGEL_PACK;9985;14;9982;20;;;10001;14;10003;20;;;9993.0;-26.1513671875
39;39800;HYDROGEL_PACK;9985;10;9982;26;;;10001;10;10003;26;;;9993.0;-26.287109375
39;39900;HYDROGEL_PACK;9984;10;9981;24;;;10000;10;10002;24;;;9992.0;-27.4365234375
39;40000;HYDROGEL_PACK;9985;15;9982;29;;;10001;15;10003;29;;;9993.0;-26.30078125
39;40100;HYDROGEL_PACK;9984;14;9982;30;;;10000;14;10003;30;;;9992.0;-26.771484375
39;40200;HYDROGEL_PACK;9982;13;9979;20;;;9998;13;10000;20;;;9990.0;-29.162109375
39;40300;HYDROGEL_PACK;9981;10;9978;30;;;9997;10;9999;30;;;9989.0;-30.169921875
39;40400;HYDROGEL_PACK;9980;10;9978;22;;;9996;10;9999;22;;;9988.0;-30.5810546875
39;40500;HYDROGEL_PACK;9979;14;9976;20;;;9995;14;9997;20;;;9987.0;-32.01953125
39;40600;HYDROGEL_PACK;9980;15;9978;27;;;9996;15;9999;27;;;9988.0;-30.8173828125
39;40700;HYDROGEL_PACK;9981;10;9979;20;;;9997;10;10000;20;;;9989.0;-29.7373046875
39;40800;HYDROGEL_PACK;9981;12;9978;24;;;9997;12;9999;24;;;9989.0;-30.44140625
39;40900;HYDROGEL_PACK;9980;10;9977;20;;;9996;10;9998;20;;;9988.0;-31.1123046875
39;41000;HYDROGEL_PACK;9979;13;9976;27;;;9995;13;9997;27;;;9987.0;-32.3798828125
39;41100;HYDROGEL_PACK;9982;13;9979;21;;;9998;13;10000;21;;;9990.0;-29.169921875
39;41200;HYDROGEL_PACK;9981;15;9978;26;;;9997;15;9999;26;;;9989.0;-30.2568359375
39;41300;HYDROGEL_PACK;9981;10;9978;27;;;9997;10;9999;27;;;9989.0;-30.0419921875
39;41400;HYDROGEL_PACK;9981;15;9979;26;;;9997;15;10000;26;;;9989.0;-29.9521484375
39;41500;HYDROGEL_PACK;9983;12;9980;20;;;9999;12;10001;20;;;9991.0;-28.28515625
39;41600;HYDROGEL_PACK;9984;10;9981;29;;;10000;10;10002;29;;;9992.0;-27.4482421875
39;41700;HYDROGEL_PACK;9985;12;9983;22;;;10001;12;10004;22;;;9993.0;-25.546875
39;41800;HYDROGEL_PACK;9994;5;9986;12;9984;22;10002;12;10005;22;;;9998.0;-24.671875
39;41900;HYDROGEL_PACK;9985;12;9982;24;;;10001;12;10003;24;;;9993.0;-26.0400390625
39;42000;HYDROGEL_PACK;9986;10;9983;28;;;10002;10;10004;28;;;9994.0;-25.2236328125
39;42100;HYDROGEL_PACK;9989;12;9987;23;;;10005;12;10008;23;;;9997.0;-21.9658203125
39;42200;HYDROGEL_PACK;9986;12;9983;20;;;10002;12;10004;20;;;9994.0;-25.0810546875
39;42300;HYDROGEL_PACK;9987;13;9984;21;;;10003;13;10005;21;;;9995.0;-24.4794921875
39;42400;HYDROGEL_PACK;9985;12;9982;29;;;10001;12;10003;29;;;9993.0;-26.197265625
39;42500;HYDROGEL_PACK;9980;11;9978;28;;;9996;11;9999;28;;;9988.0;-30.7373046875
39;42600;HYDROGEL_PACK;9978;15;9976;27;;;9994;15;9997;27;;;9986.0;-32.5947265625
39;42700;HYDROGEL_PACK;9979;12;9976;25;;;9995;12;9997;25;;;9987.0;-32.0458984375
39;42800;HYDROGEL_PACK;9979;15;9977;24;;;9995;15;9998;24;;;9987.0;-31.6748046875
39;42900;HYDROGEL_PACK;9977;11;9975;23;;;9993;11;9996;23;;;9985.0;-33.9248046875
39;43000;HYDROGEL_PACK;9977;12;9975;29;;;9993;12;9996;29;;;9985.0;-33.75
39;43100;HYDROGEL_PACK;9979;14;9977;22;;;9995;14;9998;22;;;9987.0;-31.7392578125
39;43200;HYDROGEL_PACK;9981;10;9979;25;;;9997;10;10000;25;;;9989.0;-29.8125
39;43300;HYDROGEL_PACK;9980;12;9977;27;;;9995;12;9998;27;;;9987.5;-31.49609375
39;43400;HYDROGEL_PACK;9983;13;9980;27;;;9999;13;10001;27;;;9991.0;-28.3876953125
39;43500;HYDROGEL_PACK;9983;12;9981;23;;;9999;12;10002;23;;;9991.0;-27.8291015625
39;43600;HYDROGEL_PACK;9982;14;9979;27;;;9998;14;10000;27;;;9990.0;-29.392578125
39;43700;HYDROGEL_PACK;9981;10;9978;26;;;9997;10;9999;26;;;9989.0;-30.0556640625
39;43800;HYDROGEL_PACK;9978;11;9976;30;;;9994;11;9997;30;;;9986.0;-32.80859375
39;43900;HYDROGEL_PACK;9976;13;9973;26;;;9992;13;9994;26;;;9984.0;-35.046875
39;44000;HYDROGEL_PACK;9978;12;9976;22;;;9994;12;9997;22;;;9986.0;-32.705078125
39;44100;HYDROGEL_PACK;9977;11;9975;28;;;9993;11;9996;28;;;9985.0;-33.7109375
39;44200;HYDROGEL_PACK;9976;12;9974;22;;;9984;8;9992;12;9995;22;9980.0;-34.7392578125
39;44300;HYDROGEL_PACK;9978;10;9976;25;;;9994;10;9997;25;;;9986.0;-32.91015625
39;44400;HYDROGEL_PACK;9978;11;9976;27;;;9994;11;9997;27;;;9986.0;-32.8505859375
39;44500;HYDROGEL_PACK;9978;10;9975;30;;;9994;10;9996;30;;;9986.0;-33.1787109375
39;44600;HYDROGEL_PACK;9975;12;9973;26;;;9991;12;9994;26;;;9983.0;-35.974609375
39;44700;HYDROGEL_PACK;9975;12;9973;28;;;9991;12;9994;28;;;9983.0;-35.7197265625
39;44800;HYDROGEL_PACK;9975;14;9973;21;;;9983;8;9991;14;9994;21;9979.0;-35.701171875
39;44900;HYDROGEL_PACK;9973;14;9970;24;;;9989;14;9991;24;;;9981.0;-38.2666015625
39;45000;HYDROGEL_PACK;9973;15;9970;21;;;9989;15;9991;21;;;9981.0;-38.3193359375
39;45100;HYDROGEL_PACK;9975;13;9972;22;;;9991;13;9993;22;;;9983.0;-36.23828125
39;45200;HYDROGEL_PACK;9974;10;9971;29;;;9981;6;9990;10;9992;29;9977.5;-37.2998046875
39;45300;HYDROGEL_PACK;9972;11;9969;28;;;9988;11;9990;28;;;9980.0;-39.390625
39;45400;HYDROGEL_PACK;9974;12;9971;22;;;9990;12;9992;22;;;9982.0;-37.1630859375
39;45500;HYDROGEL_PACK;9975;11;9973;28;;;9991;11;9994;28;;;9983.0;-35.5791015625
39;45600;HYDROGEL_PACK;9974;14;9972;25;;;9990;14;9993;25;;;9982.0;-36.5703125
39;45700;HYDROGEL_PACK;9972;12;9970;28;;;9988;12;9991;28;;;9980.0;-38.7001953125
39;45800;HYDROGEL_PACK;9970;14;9967;23;;;9986;14;9988;23;;;9978.0;-41.189453125
39;45900;HYDROGEL_PACK;9970;14;9968;26;;;9986;14;9989;26;;;9978.0;-40.8876953125
39;46000;HYDROGEL_PACK;9970;11;9968;29;;;9986;11;9989;29;;;9978.0;-40.5244140625
39;46100;HYDROGEL_PACK;9972;10;9970;25;;;9988;10;9991;25;;;9980.0;-38.947265625
39;46200;HYDROGEL_PACK;9973;10;9970;20;;;9989;10;9991;20;;;9981.0;-38.115234375
39;46300;HYDROGEL_PACK;9972;11;9970;27;;;9988;11;9991;27;;;9980.0;-38.8203125
39;46400;HYDROGEL_PACK;9973;15;9970;23;;;9989;15;9991;23;;;9981.0;-38.099609375
39;46500;HYDROGEL_PACK;9981;9;9973;13;9971;20;9989;13;9992;20;;;9985.0;-37.86328125
39;46600;HYDROGEL_PACK;9973;11;9971;21;;;9989;11;9992;21;;;9981.0;-37.6376953125
39;46700;HYDROGEL_PACK;9974;14;9971;27;;;9990;14;9992;27;;;9982.0;-37.1845703125
39;46800;HYDROGEL_PACK;9970;13;9968;28;;;9986;13;9989;28;;;9978.0;-40.6318359375
39;46900;HYDROGEL_PACK;9969;14;9967;24;;;9985;14;9988;24;;;9977.0;-41.900390625
39;47000;HYDROGEL_PACK;9966;15;9964;26;;;9982;15;9985;26;;;9974.0;-44.703125
39;47100;HYDROGEL_PACK;9965;15;9963;28;;;9981;15;9984;28;;;9973.0;-45.533203125
39;47200;HYDROGEL_PACK;9963;10;9960;23;;;9979;10;9981;23;;;9971.0;-48.1044921875
39;47300;HYDROGEL_PACK;9965;15;9963;29;;;9981;15;9984;29;;;9973.0;-45.8251953125
39;47400;HYDROGEL_PACK;9963;11;9960;28;;;9979;11;9981;28;;;9971.0;-48.03515625
39;47500;HYDROGEL_PACK;9957;11;9955;21;;;9973;11;9976;21;;;9965.0;-53.888671875
39;47600;HYDROGEL_PACK;9958;13;9955;29;;;9973;13;9976;29;;;9965.5;-53.50390625
39;47700;HYDROGEL_PACK;9956;10;9954;23;;;9972;10;9975;23;;;9964.0;-54.7080078125
39;47800;HYDROGEL_PACK;9955;15;9953;27;;;9971;15;9974;27;;;9963.0;-55.84375
39;47900;HYDROGEL_PACK;9956;13;9953;24;;;9971;13;9974;24;;;9963.5;-55.5185546875
39;48000;HYDROGEL_PACK;9955;13;9953;28;;;9971;13;9974;28;;;9963.0;-55.88671875
39;48100;HYDROGEL_PACK;9956;10;9954;21;;;9972;10;9975;21;;;9964.0;-54.5419921875
39;48200;HYDROGEL_PACK;9955;12;9953;25;;;9971;12;9973;25;;;9963.0;-55.98046875
39;48300;HYDROGEL_PACK;9954;11;9951;24;;;9970;11;9972;24;;;9962.0;-57.099609375
39;48400;HYDROGEL_PACK;9956;13;9954;23;;;9972;13;9975;23;;;9964.0;-54.759765625
39;48500;HYDROGEL_PACK;9957;15;9954;29;;;9973;15;9975;29;;;9965.0;-54.3564453125
39;48600;HYDROGEL_PACK;9955;10;9953;22;;;9971;10;9974;22;;;9963.0;-55.6884765625
39;48700;HYDROGEL_PACK;9956;11;9954;27;;;9972;11;9975;27;;;9964.0;-54.90625
39;48800;HYDROGEL_PACK;9954;14;9951;21;;;9970;14;9972;21;;;9962.0;-57.3984375
39;48900;HYDROGEL_PACK;9952;11;9949;24;;;9968;11;9970;24;;;9960.0;-59.1796875
39;49000;HYDROGEL_PACK;9949;13;9947;22;;;9965;13;9968;22;;;9957.0;-61.7802734375
39;49100;HYDROGEL_PACK;9950;13;9948;30;;;9966;13;9969;30;;;9958.0;-60.9345703125
39;49200;HYDROGEL_PACK;9951;15;9948;29;;;9967;15;9969;29;;;9959.0;-60.1884765625
39;49300;HYDROGEL_PACK;9951;12;9949;30;;;9967;12;9970;30;;;9959.0;-59.6337890625
39;49400;HYDROGEL_PACK;9958;9;9950;15;9948;21;9966;15;9969;21;;;9962.0;-60.5537109375
39;49500;HYDROGEL_PACK;9948;10;9946;21;;;9964;10;9967;21;;;9956.0;-62.8173828125
39;49600;HYDROGEL_PACK;9950;10;9947;21;;;9966;10;9968;21;;;9958.0;-61.1708984375
39;49700;HYDROGEL_PACK;9947;14;9945;29;;;9963;14;9966;29;;;9955.0;-63.7802734375
39;49800;HYDROGEL_PACK;9944;12;9942;21;;;9960;12;9963;21;;;9952.0;-66.5654296875
39;49900;HYDROGEL_PACK;9947;10;9945;27;;;9963;10;9965;27;;;9955.0;-63.9638671875
39;50000;HYDROGEL_PACK;9944;15;9942;21;;;9960;15;9963;21;;;9952.0;-66.6337890625
39;50100;HYDROGEL_PACK;9947;10;9944;24;;;9963;10;9965;24;;;9955.0;-64.41015625
39;50200;HYDROGEL_PACK;9947;10;9944;25;;;9963;10;9965;25;;;9955.0;-64.15625
39;50300;HYDROGEL_PACK;9945;15;9942;25;;;9961;15;9963;25;;;9953.0;-66.189453125
39;50400;HYDROGEL_PACK;9945;13;9943;22;;;9961;13;9963;22;;;9953.0;-66.0419921875
39;50500;HYDROGEL_PACK;9945;10;9942;20;;;9961;10;9963;20;;;9953.0;-66.259765625
39;50600;HYDROGEL_PACK;9945;14;9942;23;;;9960;14;9963;23;;;9952.5;-66.5322265625
39;50700;HYDROGEL_PACK;9944;11;9941;21;;;9960;11;9962;21;;;9952.0;-67.16015625
39;50800;HYDROGEL_PACK;9942;15;9940;29;;;9958;15;9961;29;;;9950.0;-68.7744140625
39;50900;HYDROGEL_PACK;9939;14;9936;22;;;9954;14;9957;22;;;9946.5;-72.5
39;51000;HYDROGEL_PACK;9936;11;9934;30;;;9952;11;9955;30;;;9944.0;-74.89453125
39;51100;HYDROGEL_PACK;9938;11;9936;26;;;9954;11;9957;26;;;9946.0;-72.650390625
39;51200;HYDROGEL_PACK;9939;12;9936;30;;;9954;12;9957;30;;;9946.5;-72.50390625
39;51300;HYDROGEL_PACK;9935;14;9932;28;;;9951;14;9953;28;;;9943.0;-76.3134765625
39;51400;HYDROGEL_PACK;9933;11;9931;26;;;9949;11;9952;26;;;9941.0;-77.5703125
39;51500;HYDROGEL_PACK;9934;15;9931;20;;;9950;15;9952;20;;;9942.0;-77.328125
39;51600;HYDROGEL_PACK;9936;11;9934;23;;;9952;11;9955;23;;;9944.0;-74.7353515625
39;51700;HYDROGEL_PACK;9937;13;9934;26;;;9953;13;9955;26;;;9945.0;-74.296875
39;51800;HYDROGEL_PACK;9937;14;9935;30;;;9953;14;9956;30;;;9945.0;-73.80078125
39;51900;HYDROGEL_PACK;9938;15;9936;30;;;9954;15;9957;30;;;9946.0;-72.9453125
39;52000;HYDROGEL_PACK;9940;10;9938;30;;;9956;10;9959;30;;;9948.0;-70.576171875
39;52100;HYDROGEL_PACK;9940;15;9938;24;;;9956;15;9959;24;;;9948.0;-70.8779296875
39;52200;HYDROGEL_PACK;9937;13;9934;20;;;9953;13;9955;20;;;9945.0;-74.208984375
39;52300;HYDROGEL_PACK;9938;10;9935;23;;;9954;10;9956;23;;;9946.0;-73.3251953125
39;52400;HYDROGEL_PACK;9938;12;9936;26;;;9954;12;9957;26;;;9946.0;-72.5615234375
39;52500;HYDROGEL_PACK;9942;12;9940;26;;;9958;12;9961;26;;;9950.0;-68.5498046875
39;52600;HYDROGEL_PACK;9943;13;9940;27;;;9958;13;9961;27;;;9950.5;-68.525390625
39;52700;HYDROGEL_PACK;9942;12;9939;26;;;9958;12;9960;26;;;9950.0;-69.3681640625
39;52800;HYDROGEL_PACK;9939;10;9936;30;;;9955;10;9957;30;;;9947.0;-72.1357421875
39;52900;HYDROGEL_PACK;9937;11;9935;29;;;9953;11;9956;29;;;9945.0;-73.7548828125
39;53000;HYDROGEL_PACK;9933;14;9931;30;;;9949;14;9952;30;;;9941.0;-77.84765625
39;53100;HYDROGEL_PACK;9932;10;9930;28;;;9948;10;9951;28;;;9940.0;-78.666015625
39;53200;HYDROGEL_PACK;9932;10;9929;21;;;9948;10;9950;21;;;9940.0;-79.2294921875
39;53300;HYDROGEL_PACK;9930;13;9927;30;;;9946;13;9948;30;;;9938.0;-81.203125
39;53400;HYDROGEL_PACK;9930;10;9927;21;;;9946;10;9948;21;;;9938.0;-81.0888671875
39;53500;HYDROGEL_PACK;9930;10;9928;23;;;9946;10;9948;23;;;9938.0;-81.017578125
39;53600;HYDROGEL_PACK;9931;12;9929;28;;;9947;12;9949;28;;;9939.0;-80.0546875
39;53700;HYDROGEL_PACK;9933;11;9930;26;;;9949;11;9951;26;;;9941.0;-78.2490234375
39;53800;HYDROGEL_PACK;9932;11;9929;24;;;9939;8;9947;11;9950;24;9935.5;-79.5224609375
39;53900;HYDROGEL_PACK;9933;11;9931;25;;;9949;11;9952;25;;;9941.0;-77.69921875
39;54000;HYDROGEL_PACK;9934;15;9931;25;;;9950;15;9952;25;;;9942.0;-77.41796875
39;54100;HYDROGEL_PACK;9933;13;9931;21;;;9949;13;9951;21;;;9941.0;-77.9423828125
39;54200;HYDROGEL_PACK;9932;14;9930;30;;;9948;14;9951;30;;;9940.0;-78.55859375
39;54300;HYDROGEL_PACK;9931;15;9928;24;;;9946;15;9949;24;;;9938.5;-80.54296875
39;54400;HYDROGEL_PACK;9930;10;9927;30;;;9946;10;9948;30;;;9938.0;-81.2724609375
39;54500;HYDROGEL_PACK;9932;11;9929;23;;;9948;11;9950;23;;;9940.0;-79.3798828125
39;54600;HYDROGEL_PACK;9931;12;9928;29;;;9947;12;9949;29;;;9939.0;-80.29296875
39;54700;HYDROGEL_PACK;9934;14;9932;30;;;9950;14;9952;30;;;9942.0;-77.033203125
39;54800;HYDROGEL_PACK;9934;12;9931;25;;;9949;12;9952;25;;;9941.5;-77.5068359375
39;54900;HYDROGEL_PACK;9936;15;9934;30;;;9952;15;9955;30;;;9944.0;-74.8154296875
39;55000;HYDROGEL_PACK;9937;10;9934;29;;;9953;10;9955;29;;;9945.0;-74.45703125
39;55100;HYDROGEL_PACK;9934;11;9931;27;;;9950;11;9952;27;;;9942.0;-77.091796875
39;55200;HYDROGEL_PACK;9934;11;9932;23;;;9950;11;9952;23;;;9942.0;-77.03125
39;55300;HYDROGEL_PACK;9936;10;9933;30;;;9952;10;9954;30;;;9944.0;-75.19140625
39;55400;HYDROGEL_PACK;9936;14;9934;24;;;9952;14;9954;24;;;9944.0;-74.984375
39;55500;HYDROGEL_PACK;9936;13;9934;23;;;9952;13;9955;23;;;9944.0;-74.662109375
39;55600;HYDROGEL_PACK;9940;14;9937;23;;;9956;14;9958;23;;;9948.0;-71.2578125
39;55700;HYDROGEL_PACK;9940;11;9938;20;;;9956;11;9959;20;;;9948.0;-70.78515625
39;55800;HYDROGEL_PACK;9941;11;9939;30;;;9957;11;9960;30;;;9949.0;-69.8203125
39;55900;HYDROGEL_PACK;9942;15;9940;22;;;9958;15;9961;22;;;9950.0;-68.9375
39;56000;HYDROGEL_PACK;9942;15;9939;23;;;9958;15;9960;23;;;9950.0;-69.3115234375
39;56100;HYDROGEL_PACK;9941;14;9939;24;;;9957;14;9960;24;;;9949.0;-69.572265625
39;56200;HYDROGEL_PACK;9942;13;9939;24;;;9958;13;9960;24;;;9950.0;-69.396484375
39;56300;HYDROGEL_PACK;9941;13;9938;22;;;9957;13;9959;22;;;9949.0;-70.37890625
39;56400;HYDROGEL_PACK;9941;11;9938;24;;;9957;11;9959;24;;;9949.0;-70.0556640625
39;56500;HYDROGEL_PACK;9943;10;9941;24;;;9959;10;9961;24;;;9951.0;-68.021484375
39;56600;HYDROGEL_PACK;9944;15;9941;29;;;9960;15;9962;29;;;9952.0;-67.3173828125
39;56700;HYDROGEL_PACK;9944;10;9941;20;;;9960;10;9962;20;;;9952.0;-67.283203125
39;56800;HYDROGEL_PACK;9944;12;9942;28;;;9960;12;9963;28;;;9952.0;-66.7138671875
39;56900;HYDROGEL_PACK;9944;10;9942;20;;;9960;10;9963;20;;;9952.0;-66.8466796875
39;57000;HYDROGEL_PACK;9938;12;9936;30;;;9954;12;9957;30;;;9946.0;-72.732421875
39;57100;HYDROGEL_PACK;9941;14;9938;24;;;9957;14;9959;24;;;9949.0;-70.3154296875
39;57200;HYDROGEL_PACK;9942;11;9940;25;;;9958;11;9960;25;;;9950.0;-69.029296875
39;57300;HYDROGEL_PACK;9941;11;9939;28;;;9957;11;9960;28;;;9949.0;-69.896484375
39;57400;HYDROGEL_PACK;9940;15;9938;25;;;9956;15;9958;25;;;9948.0;-70.970703125
39;57500;HYDROGEL_PACK;9940;12;9938;27;;;9956;12;9959;27;;;9948.0;-70.5966796875
39;57600;HYDROGEL_PACK;9938;14;9936;22;;;9954;14;9957;22;;;9946.0;-72.927734375
39;57700;HYDROGEL_PACK;9938;10;9935;30;;;9954;10;9956;30;;;9946.0;-73.3701171875
39;57800;HYDROGEL_PACK;9939;13;9936;27;;;9955;13;9957;27;;;9947.0;-72.24609375
39;57900;HYDROGEL_PACK;9941;15;9939;27;;;9957;15;9960;27;;;9949.0;-69.7470703125
39;58000;HYDROGEL_PACK;9943;14;9940;27;;;9958;14;9961;27;;;9950.5;-68.4755859375
39;58100;HYDROGEL_PACK;9943;14;9941;20;;;9951;9;9959;14;9962;20;9947.0;-67.8544921875
39;58200;HYDROGEL_PACK;9947;10;9944;27;;;9963;10;9965;27;;;9955.0;-64.099609375
39;58300;HYDROGEL_PACK;9947;15;9945;29;;;9963;15;9966;29;;;9955.0;-63.6962890625
39;58400;HYDROGEL_PACK;9944;11;9941;23;;;9960;11;9962;23;;;9952.0;-67.279296875
39;58500;HYDROGEL_PACK;9944;15;9942;26;;;9960;15;9963;26;;;9952.0;-66.873046875
39;58600;HYDROGEL_PACK;9948;12;9945;25;;;9964;12;9966;25;;;9956.0;-63.2841796875
39;58700;HYDROGEL_PACK;9948;12;9945;29;;;9964;12;9966;29;;;9956.0;-63.4609375
39;58800;HYDROGEL_PACK;9948;15;9946;28;;;9964;15;9967;28;;;9956.0;-62.8984375
39;58900;HYDROGEL_PACK;9948;14;9945;24;;;9964;14;9966;24;;;9956.0;-63.234375
39;59000;HYDROGEL_PACK;9944;10;9942;21;;;9960;10;9963;21;;;9952.0;-66.6142578125
39;59100;HYDROGEL_PACK;9946;10;9944;28;;;9962;10;9965;28;;;9954.0;-64.828125
39;59200;HYDROGEL_PACK;9945;12;9943;20;;;9961;12;9963;20;;;9953.0;-66.015625
39;59300;HYDROGEL_PACK;9946;15;9944;24;;;9962;15;9965;24;;;9954.0;-64.9384765625
39;59400;HYDROGEL_PACK;9945;10;9942;27;;;9961;10;9963;27;;;9953.0;-66.1162109375
39;59500;HYDROGEL_PACK;9947;14;9944;22;;;9963;14;9965;22;;;9955.0;-64.455078125
39;59600;HYDROGEL_PACK;9946;12;9943;26;;;9962;12;9964;26;;;9954.0;-65.3720703125
39;59700;HYDROGEL_PACK;9943;11;9940;24;;;9959;11;9961;24;;;9951.0;-68.189453125
39;59800;HYDROGEL_PACK;9948;12;9946;29;;;9964;12;9967;29;;;9956.0;-62.93359375
39;59900;HYDROGEL_PACK;9949;14;9947;23;;;9965;14;9968;23;;;9957.0;-61.6005859375
39;60000;HYDROGEL_PACK;9954;14;9951;29;;;9970;14;9972;29;;;9962.0;-57.2841796875
39;60100;HYDROGEL_PACK;9954;11;9952;21;;;9970;11;9973;21;;;9962.0;-56.61328125
39;60200;HYDROGEL_PACK;9956;13;9953;24;;;9972;13;9974;24;;;9964.0;-55.357421875
39;60300;HYDROGEL_PACK;9958;13;9955;21;;;9965;9;9973;13;9976;21;9961.5;-53.4970703125
39;60400;HYDROGEL_PACK;9957;13;9954;26;;;9973;13;9975;26;;;9965.0;-54.044921875
39;60500;HYDROGEL_PACK;9958;13;9956;29;;;9974;13;9976;29;;;9966.0;-52.994140625
39;60600;HYDROGEL_PACK;9958;11;9955;26;;;9974;11;9976;26;;;9966.0;-53.361328125
39;60700;HYDROGEL_PACK;9957;14;9955;23;;;9973;14;9976;23;;;9965.0;-53.5712890625
39;60800;HYDROGEL_PACK;9955;15;9953;23;;;9971;15;9974;23;;;9963.0;-55.5556640625
39;60900;HYDROGEL_PACK;9958;12;9955;30;;;9974;12;9976;30;;;9966.0;-53.4716796875
39;61000;HYDROGEL_PACK;9961;15;9958;26;;;9977;15;9979;26;;;9969.0;-50.1728515625
39;61100;HYDROGEL_PACK;9961;13;9959;30;;;9977;13;9980;30;;;9969.0;-49.548828125
39;61200;HYDROGEL_PACK;9956;11;9954;27;;;9972;11;9975;27;;;9964.0;-54.6416015625
39;61300;HYDROGEL_PACK;9956;11;9953;30;;;9971;11;9974;30;;;9963.5;-55.5068359375
39;61400;HYDROGEL_PACK;9959;15;9956;23;;;9975;15;9977;23;;;9967.0;-52.4248046875
39;61500;HYDROGEL_PACK;9958;14;9956;30;;;9974;14;9977;30;;;9966.0;-52.611328125
39;61600;HYDROGEL_PACK;9962;13;9960;21;;;9970;4;9978;13;9981;21;9966.0;-48.5419921875
39;61700;HYDROGEL_PACK;9964;11;9961;29;;;9980;11;9982;29;;;9972.0;-47.36328125
39;61800;HYDROGEL_PACK;9967;12;9964;27;;;9983;12;9985;27;;;9975.0;-44.2578125
39;61900;HYDROGEL_PACK;9964;10;9961;21;;;9979;10;9982;21;;;9971.5;-47.48828125
39;62000;HYDROGEL_PACK;9963;13;9960;21;;;9979;13;9981;21;;;9971.0;-48.1796875
39;62100;HYDROGEL_PACK;9962;12;9960;24;;;9978;12;9981;24;;;9970.0;-48.771484375
39;62200;HYDROGEL_PACK;9960;10;9958;29;;;9976;10;9979;29;;;9968.0;-50.646484375
39;62300;HYDROGEL_PACK;9961;14;9958;21;;;9977;14;9979;21;;;9969.0;-50.1142578125
39;62400;HYDROGEL_PACK;9963;13;9961;30;;;9979;13;9982;30;;;9971.0;-47.6298828125
39;62500;HYDROGEL_PACK;9963;14;9961;24;;;9979;14;9982;24;;;9971.0;-47.779296875
39;62600;HYDROGEL_PACK;9962;15;9959;25;;;9978;15;9980;25;;;9970.0;-49.41015625
39;62700;HYDROGEL_PACK;9964;15;9961;24;;;9980;15;9982;24;;;9972.0;-47.4072265625
39;62800;HYDROGEL_PACK;9961;10;9959;24;;;9977;10;9980;24;;;9969.0;-49.8251953125
39;62900;HYDROGEL_PACK;9963;13;9960;30;;;9979;13;9981;30;;;9971.0;-48.1240234375
39;63000;HYDROGEL_PACK;9962;10;9960;24;;;9978;10;9981;24;;;9970.0;-48.5498046875
39;63100;HYDROGEL_PACK;9963;14;9960;23;;;9979;14;9981;23;;;9971.0;-48.2021484375
39;63200;HYDROGEL_PACK;9966;10;9963;20;;;9982;10;9984;20;;;9974.0;-45.19140625
39;63300;HYDROGEL_PACK;9968;14;9966;24;;;9984;14;9987;24;;;9976.0;-42.7451171875
39;63400;HYDROGEL_PACK;9967;10;9964;24;;;9983;10;9985;24;;;9975.0;-44.3974609375
39;63500;HYDROGEL_PACK;9967;10;9965;23;;;9983;10;9986;23;;;9975.0;-43.7958984375
39;63600;HYDROGEL_PACK;9965;11;9963;26;;;9981;11;9983;26;;;9973.0;-46.01953125
39;63700;HYDROGEL_PACK;9963;14;9960;26;;;9979;14;9981;26;;;9971.0;-48.244140625
39;63800;HYDROGEL_PACK;9966;10;9964;20;;;9982;10;9985;20;;;9974.0;-44.7958984375
39;63900;HYDROGEL_PACK;9968;12;9965;21;;;9984;12;9986;21;;;9976.0;-43.349609375
39;64000;HYDROGEL_PACK;9968;11;9965;25;;;9984;11;9986;25;;;9976.0;-43.15625
39;64100;HYDROGEL_PACK;9969;11;9967;26;;;9985;11;9988;26;;;9977.0;-41.697265625
39;64200;HYDROGEL_PACK;9972;11;9970;30;;;9988;11;9991;30;;;9980.0;-38.7041015625
39;64300;HYDROGEL_PACK;9971;11;9968;20;;;9987;11;9989;20;;;9979.0;-40.2431640625
39;64400;HYDROGEL_PACK;9972;14;9969;21;;;9988;14;9990;21;;;9980.0;-39.28125
39;64500;HYDROGEL_PACK;9970;13;9967;28;;;9986;13;9988;28;;;9978.0;-41.025390625
39;64600;HYDROGEL_PACK;9969;10;9967;26;;;9985;10;9988;26;;;9977.0;-41.7861328125
39;64700;HYDROGEL_PACK;9973;10;9971;28;;;9989;10;9992;28;;;9981.0;-37.744140625
39;64800;HYDROGEL_PACK;9974;15;9971;25;;;9990;15;9992;25;;;9982.0;-37.1455078125
39;64900;HYDROGEL_PACK;9975;13;9973;29;;;9991;13;9994;29;;;9983.0;-35.8466796875
39;65000;HYDROGEL_PACK;9979;15;9977;25;;;9995;15;9998;25;;;9987.0;-31.5693359375
39;65100;HYDROGEL_PACK;9982;13;9980;25;;;9998;13;10001;25;;;9990.0;-28.853515625
39;65200;HYDROGEL_PACK;9980;12;9977;23;;;9996;12;9998;23;;;9988.0;-31.326171875
39;65300;HYDROGEL_PACK;9979;11;9976;21;;;9995;11;9997;21;;;9987.0;-32.3583984375
39;65400;HYDROGEL_PACK;9977;13;9974;23;;;9993;13;9995;23;;;9985.0;-34.328125
39;65500;HYDROGEL_PACK;9979;11;9977;24;;;9987;8;9995;11;9998;24;9983.0;-31.521484375
39;65600;HYDROGEL_PACK;9978;11;9975;26;;;9994;11;9996;26;;;9986.0;-33.0244140625
39;65700;HYDROGEL_PACK;9977;14;9975;26;;;9993;14;9996;26;;;9985.0;-33.55078125
39;65800;HYDROGEL_PACK;9978;11;9975;24;;;9994;11;9996;24;;;9986.0;-33.0341796875
39;65900;HYDROGEL_PACK;9977;10;9975;29;;;9993;10;9996;29;;;9985.0;-33.740234375
39;66000;HYDROGEL_PACK;9977;13;9974;23;;;9993;13;9995;23;;;9985.0;-34.271484375
39;66100;HYDROGEL_PACK;9977;12;9975;29;;;9993;12;9996;29;;;9985.0;-33.8427734375
39;66200;HYDROGEL_PACK;9974;10;9972;26;;;9990;10;9993;26;;;9982.0;-36.537109375
39;66300;HYDROGEL_PACK;9974;11;9972;22;;;9990;11;9993;22;;;9982.0;-36.5322265625
39;66400;HYDROGEL_PACK;9973;14;9970;24;;;9989;14;9991;24;;;9981.0;-38.2734375
39;66500;HYDROGEL_PACK;9973;15;9970;30;;;9989;15;9991;30;;;9981.0;-38.1650390625
39;66600;HYDROGEL_PACK;9972;12;9970;20;;;9988;12;9990;20;;;9980.0;-38.99609375
39;66700;HYDROGEL_PACK;9972;11;9970;20;;;9988;11;9991;20;;;9980.0;-38.916015625
39;66800;HYDROGEL_PACK;9971;11;9968;27;;;9987;11;9989;27;;;9979.0;-40.2490234375
39;66900;HYDROGEL_PACK;9970;11;9967;21;;;9986;11;9988;21;;;9978.0;-41.0390625
39;67000;HYDROGEL_PACK;9970;15;9968;22;;;9986;15;9989;22;;;9978.0;-40.66015625
39;67100;HYDROGEL_PACK;9972;10;9969;23;;;9988;10;9990;23;;;9980.0;-39.140625
39;67200;HYDROGEL_PACK;9974;12;9971;26;;;9990;12;9992;26;;;9982.0;-37.1083984375
39;67300;HYDROGEL_PACK;9973;10;9970;26;;;9989;10;9991;26;;;9981.0;-38.466796875
39;67400;HYDROGEL_PACK;9973;11;9971;21;;;9989;11;9992;21;;;9981.0;-37.578125
39;67500;HYDROGEL_PACK;9973;12;9970;27;;;9989;12;9991;27;;;9981.0;-38.0791015625
39;67600;HYDROGEL_PACK;9972;11;9969;25;;;9988;11;9990;25;;;9980.0;-39.0380859375
39;67700;HYDROGEL_PACK;9974;11;9971;25;;;9990;11;9992;25;;;9982.0;-37.357421875
39;67800;HYDROGEL_PACK;9976;10;9974;25;;;9992;10;9995;25;;;9984.0;-34.8486328125
39;67900;HYDROGEL_PACK;9976;13;9974;21;;;9992;13;9995;21;;;9984.0;-34.83203125
39;68000;HYDROGEL_PACK;9976;12;9974;29;;;9992;12;9995;29;;;9984.0;-34.9404296875
39;68100;HYDROGEL_PACK;9975;15;9973;22;;;9991;15;9994;22;;;9983.0;-35.9248046875
39;68200;HYDROGEL_PACK;9978;11;9976;26;;;9994;11;9997;26;;;9986.0;-32.91015625
39;68300;HYDROGEL_PACK;9978;13;9976;20;;;9994;13;9997;20;;;9986.0;-32.7119140625
39;68400;HYDROGEL_PACK;9976;12;9974;27;;;9992;12;9995;27;;;9984.0;-34.552734375
39;68500;HYDROGEL_PACK;9979;12;9976;27;;;9995;12;9997;27;;;9987.0;-32.298828125
39;68600;HYDROGEL_PACK;9983;11;9980;21;;;9999;11;10001;21;;;9991.0;-28.3251953125
39;68700;HYDROGEL_PACK;9984;12;9981;23;;;10000;12;10002;23;;;9992.0;-27.109375
39;68800;HYDROGEL_PACK;9989;12;9986;26;;;10005;12;10007;26;;;9997.0;-22.482421875
39;68900;HYDROGEL_PACK;9989;11;9986;20;;;10005;11;10007;20;;;9997.0;-22.3564453125
39;69000;HYDROGEL_PACK;9987;14;9984;29;;;10003;14;10005;29;;;9995.0;-24.0185546875
39;69100;HYDROGEL_PACK;9985;15;9983;22;;;10001;15;10004;22;;;9993.0;-25.6396484375
39;69200;HYDROGEL_PACK;9985;13;9983;30;;;10001;13;10004;30;;;9993.0;-25.9658203125
39;69300;HYDROGEL_PACK;9984;12;9981;28;;;10000;12;10002;28;;;9992.0;-27.3046875
39;69400;HYDROGEL_PACK;9987;12;9984;28;;;10003;12;10005;28;;;9995.0;-24.484375
39;69500;HYDROGEL_PACK;9986;14;9984;22;;;10002;14;10005;22;;;9994.0;-24.701171875
39;69600;HYDROGEL_PACK;9985;11;9983;23;;;10001;11;10004;23;;;9993.0;-25.509765625
39;69700;HYDROGEL_PACK;9989;15;9986;23;;;10005;15;10007;23;;;9997.0;-22.05859375
39;69800;HYDROGEL_PACK;9987;11;9984;22;;;10003;11;10005;22;;;9995.0;-24.21484375
39;69900;HYDROGEL_PACK;9988;14;9986;30;;;10004;14;10007;30;;;9996.0;-22.8544921875
39;70000;HYDROGEL_PACK;9988;13;9986;28;;;10004;13;10007;28;;;9996.0;-22.8017578125
39;70100;HYDROGEL_PACK;9985;11;9983;26;;;10001;11;10004;26;;;9993.0;-25.75
39;70200;HYDROGEL_PACK;9980;14;9978;29;;;9996;14;9999;29;;;9988.0;-30.8212890625
39;70300;HYDROGEL_PACK;9980;11;9978;30;;;9996;11;9999;30;;;9988.0;-30.6328125
39;70400;HYDROGEL_PACK;9983;13;9980;27;;;9999;13;10001;27;;;9991.0;-28.2236328125
39;70500;HYDROGEL_PACK;9984;15;9981;27;;;10000;15;10002;27;;;9992.0;-27.1416015625
39;70600;HYDROGEL_PACK;9985;11;9983;24;;;10001;11;10004;24;;;9993.0;-25.51171875
39;70700;HYDROGEL_PACK;9982;13;9980;21;;;9998;13;10001;21;;;9990.0;-28.6201171875
39;70800;HYDROGEL_PACK;9981;13;9978;30;;;9997;13;9999;30;;;9989.0;-30.3876953125
39;70900;HYDROGEL_PACK;9978;11;9975;20;;;9994;11;9996;20;;;9986.0;-33.1943359375
39;71000;HYDROGEL_PACK;9979;10;9976;30;;;9995;10;9997;30;;;9987.0;-32.4404296875
39;71100;HYDROGEL_PACK;9978;14;9975;27;;;9994;14;9996;27;;;9986.0;-33.224609375
39;71200;HYDROGEL_PACK;9977;13;9974;29;;;9993;13;9995;29;;;9985.0;-34.421875
39;71300;HYDROGEL_PACK;9977;10;9974;27;;;9993;10;9995;27;;;9985.0;-34.283203125
39;71400;HYDROGEL_PACK;9975;14;9972;30;;;9991;14;9993;30;;;9983.0;-36.4677734375
39;71500;HYDROGEL_PACK;9975;15;9973;30;;;9991;15;9994;30;;;9983.0;-35.578125
39;71600;HYDROGEL_PACK;9977;13;9974;28;;;9993;13;9995;28;;;9985.0;-34.11328125
39;71700;HYDROGEL_PACK;9976;12;9974;21;;;9992;12;9995;21;;;9984.0;-34.8916015625
39;71800;HYDROGEL_PACK;9975;13;9973;29;;;9991;13;9994;29;;;9983.0;-35.7451171875
39;71900;HYDROGEL_PACK;9973;14;9970;26;;;9989;14;9991;26;;;9981.0;-38.3759765625
39;72000;HYDROGEL_PACK;9976;15;9973;20;;;9992;15;9994;20;;;9984.0;-35.4462890625
39;72100;HYDROGEL_PACK;9974;15;9971;22;;;9990;15;9992;22;;;9982.0;-37.134765625
39;72200;HYDROGEL_PACK;9974;14;9972;28;;;9990;14;9993;28;;;9982.0;-36.896484375
39;72300;HYDROGEL_PACK;9974;14;9971;27;;;9981;10;9990;14;9992;27;9977.5;-37.0712890625
39;72400;HYDROGEL_PACK;9972;15;9969;22;;;9988;15;9990;22;;;9980.0;-39.041015625
39;72500;HYDROGEL_PACK;9970;13;9967;22;;;9986;13;9988;22;;;9978.0;-41.11328125
39;72600;HYDROGEL_PACK;9972;14;9970;22;;;9988;14;9991;22;;;9980.0;-38.626953125
39;72700;HYDROGEL_PACK;9972;11;9969;30;;;9988;11;9990;30;;;9980.0;-39.2216796875
39;72800;HYDROGEL_PACK;9974;13;9972;30;;;9982;5;9990;13;9993;30;9978.0;-36.5751953125
39;72900;HYDROGEL_PACK;9972;12;9969;28;;;9988;12;9990;28;;;9980.0;-39.2216796875
39;73000;HYDROGEL_PACK;9969;13;9967;21;;;9985;13;9988;21;;;9977.0;-41.802734375
39;73100;HYDROGEL_PACK;9972;13;9970;27;;;9988;13;9991;27;;;9980.0;-38.67578125
39;73200;HYDROGEL_PACK;9972;13;9970;28;;;9988;13;9991;28;;;9980.0;-38.6953125
39;73300;HYDROGEL_PACK;9972;12;9969;22;;;9988;12;9990;22;;;9980.0;-39.2353515625
39;73400;HYDROGEL_PACK;9971;13;9968;30;;;9987;13;9989;30;;;9979.0;-40.4658203125
39;73500;HYDROGEL_PACK;9968;10;9965;28;;;9984;10;9986;28;;;9976.0;-43.095703125
39;73600;HYDROGEL_PACK;9969;14;9967;27;;;9985;14;9988;27;;;9977.0;-41.5234375
39;73700;HYDROGEL_PACK;9969;12;9967;20;;;9985;12;9988;20;;;9977.0;-41.6318359375
39;73800;HYDROGEL_PACK;9969;14;9967;28;;;9985;14;9988;28;;;9977.0;-41.53125
39;73900;HYDROGEL_PACK;9967;12;9965;23;;;9983;12;9986;23;;;9975.0;-43.765625
39;74000;HYDROGEL_PACK;9966;14;9964;21;;;9974;4;9982;14;9985;21;9970.0;-44.5439453125
39;74100;HYDROGEL_PACK;9965;12;9963;25;;;9981;12;9984;25;;;9973.0;-45.865234375
39;74200;HYDROGEL_PACK;9964;13;9961;24;;;9980;13;9982;24;;;9972.0;-47.4306640625
39;74300;HYDROGEL_PACK;9964;14;9962;28;;;9980;14;9983;28;;;9972.0;-46.765625
39;74400;HYDROGEL_PACK;9963;13;9961;21;;;9979;13;9982;21;;;9971.0;-47.6953125
39;74500;HYDROGEL_PACK;9966;10;9964;26;;;9982;10;9985;26;;;9974.0;-44.8984375
39;74600;HYDROGEL_PACK;9969;10;9967;27;;;9985;10;9988;27;;;9977.0;-41.8671875
39;74700;HYDROGEL_PACK;9971;13;9968;29;;;9987;13;9989;29;;;9979.0;-40.0712890625
39;74800;HYDROGEL_PACK;9971;12;9969;20;;;9987;12;9990;20;;;9979.0;-39.5908203125
39;74900;HYDROGEL_PACK;9971;14;9969;23;;;9987;14;9989;23;;;9979.0;-39.9794921875
39;75000;HYDROGEL_PACK;9973;13;9970;30;;;9980;6;9989;13;9991;30;9976.5;-38.4541015625
39;75100;HYDROGEL_PACK;9973;11;9970;23;;;9989;11;9991;23;;;9981.0;-38.2802734375
39;75200;HYDROGEL_PACK;9971;15;9968;22;;;9986;15;9989;22;;;9978.5;-40.5146484375
39;75300;HYDROGEL_PACK;9967;12;9965;27;;;9983;12;9986;27;;;9975.0;-43.5732421875
39;75400;HYDROGEL_PACK;9969;15;9966;27;;;9985;15;9987;27;;;9977.0;-42.1826171875
39;75500;HYDROGEL_PACK;9968;14;9966;24;;;9984;14;9987;24;;;9976.0;-42.806640625
39;75600;HYDROGEL_PACK;9965;11;9963;30;;;9981;11;9984;30;;;9973.0;-45.609375
39;75700;HYDROGEL_PACK;9965;15;9962;20;;;9981;15;9983;20;;;9973.0;-46.4599609375
39;75800;HYDROGEL_PACK;9964;13;9962;27;;;9980;13;9983;27;;;9972.0;-46.7294921875
39;75900;HYDROGEL_PACK;9963;12;9960;27;;;9979;12;9981;27;;;9971.0;-48.3154296875
39;76000;HYDROGEL_PACK;9965;12;9962;29;;;9981;12;9983;29;;;9973.0;-46.12109375
39;76100;HYDROGEL_PACK;9967;12;9964;29;;;9983;12;9985;29;;;9975.0;-44.31640625
39;76200;HYDROGEL_PACK;9963;13;9961;30;;;9979;13;9982;30;;;9971.0;-47.794921875
39;76300;HYDROGEL_PACK;9960;10;9958;24;;;9976;10;9979;24;;;9968.0;-50.65234375
39;76400;HYDROGEL_PACK;9959;15;9957;21;;;9975;15;9978;21;;;9967.0;-51.6953125
39;76500;HYDROGEL_PACK;9955;11;9953;26;;;9971;11;9974;26;;;9963.0;-55.7353515625
39;76600;HYDROGEL_PACK;9953;14;9950;29;;;9969;14;9971;29;;;9961.0;-58.0751953125
39;76700;HYDROGEL_PACK;9953;12;9951;27;;;9969;12;9972;27;;;9961.0;-57.8154296875
39;76800;HYDROGEL_PACK;9950;11;9948;26;;;9966;11;9969;26;;;9958.0;-60.89453125
39;76900;HYDROGEL_PACK;9946;13;9944;21;;;9962;13;9965;21;;;9954.0;-64.84765625
39;77000;HYDROGEL_PACK;9944;12;9941;20;;;9960;12;9962;20;;;9952.0;-67.32421875
39;77100;HYDROGEL_PACK;9946;13;9943;21;;;9962;13;9964;21;;;9954.0;-65.27734375
39;77200;HYDROGEL_PACK;9947;13;9944;23;;;9962;13;9965;23;;;9954.5;-64.5107421875
39;77300;HYDROGEL_PACK;9948;15;9945;29;;;9964;15;9966;29;;;9956.0;-63.265625
39;77400;HYDROGEL_PACK;9945;14;9943;23;;;9961;14;9964;23;;;9953.0;-65.8603515625
39;77500;HYDROGEL_PACK;9945;14;9943;21;;;9961;14;9964;21;;;9953.0;-65.7548828125
39;77600;HYDROGEL_PACK;9945;15;9942;28;;;9961;15;9963;28;;;9953.0;-66.1767578125
39;77700;HYDROGEL_PACK;9948;11;9945;24;;;9963;11;9966;24;;;9955.5;-63.521484375
39;77800;HYDROGEL_PACK;9950;14;9947;26;;;9957;7;9966;14;9968;26;9953.5;-61.44921875
39;77900;HYDROGEL_PACK;9947;13;9945;26;;;9963;13;9965;26;;;9955.0;-63.9580078125
39;78000;HYDROGEL_PACK;9945;10;9942;28;;;9961;10;9963;28;;;9953.0;-66.2607421875
39;78100;HYDROGEL_PACK;9945;10;9943;29;;;9961;10;9964;29;;;9953.0;-65.5595703125
39;78200;HYDROGEL_PACK;9946;11;9944;21;;;9962;11;9965;21;;;9954.0;-64.8291015625
39;78300;HYDROGEL_PACK;9946;12;9944;21;;;9962;12;9965;21;;;9954.0;-64.8330078125
39;78400;HYDROGEL_PACK;9945;11;9943;26;;;9961;11;9964;26;;;9953.0;-65.884765625
39;78500;HYDROGEL_PACK;9944;12;9942;27;;;9960;12;9963;27;;;9952.0;-66.6845703125
39;78600;HYDROGEL_PACK;9943;15;9941;21;;;9959;15;9961;21;;;9951.0;-68.0068359375
39;78700;HYDROGEL_PACK;9939;15;9937;26;;;9955;15;9958;26;;;9947.0;-71.8759765625
39;78800;HYDROGEL_PACK;9939;14;9937;26;;;9955;14;9957;26;;;9947.0;-71.958984375
39;78900;HYDROGEL_PACK;9938;13;9935;24;;;9954;13;9956;24;;;9946.0;-73.439453125
39;79000;HYDROGEL_PACK;9941;11;9938;30;;;9957;11;9959;30;;;9949.0;-70.150390625
39;79100;HYDROGEL_PACK;9942;11;9940;22;;;9958;11;9961;22;;;9950.0;-68.916015625
39;79200;HYDROGEL_PACK;9943;13;9941;22;;;9959;13;9961;22;;;9951.0;-68.0078125
39;79300;HYDROGEL_PACK;9947;13;9944;24;;;9963;13;9965;24;;;9955.0;-64.341796875
39;79400;HYDROGEL_PACK;9946;10;9943;28;;;9962;10;9964;28;;;9954.0;-65.384765625
39;79500;HYDROGEL_PACK;9946;15;9943;25;;;9962;15;9964;25;;;9954.0;-65.421875
39;79600;HYDROGEL_PACK;9946;10;9944;24;;;9962;10;9965;24;;;9954.0;-64.6611328125
39;79700;HYDROGEL_PACK;9947;13;9945;25;;;9963;13;9966;25;;;9955.0;-63.642578125
39;79800;HYDROGEL_PACK;9948;11;9946;23;;;9964;11;9966;23;;;9956.0;-62.958984375
39;79900;HYDROGEL_PACK;9949;10;9947;24;;;9965;10;9968;24;;;9957.0;-61.884765625
39;80000;HYDROGEL_PACK;9952;11;9949;23;;;9968;11;9970;23;;;9960.0;-59.421875
39;80100;HYDROGEL_PACK;9951;12;9949;29;;;9967;12;9970;29;;;9959.0;-59.9501953125
39;80200;HYDROGEL_PACK;9954;15;9951;26;;;9970;15;9972;26;;;9962.0;-57.0419921875
39;80300;HYDROGEL_PACK;9961;4;9953;14;9951;28;9969;14;9972;28;;;9965.0;-57.8486328125
39;80400;HYDROGEL_PACK;9953;14;9951;30;;;9961;8;9969;14;9972;30;9957.0;-57.7255859375
39;80500;HYDROGEL_PACK;9951;11;9949;23;;;9967;11;9970;23;;;9959.0;-59.875
39;80600;HYDROGEL_PACK;9948;14;9945;22;;;9964;14;9966;22;;;9956.0;-63.244140625
39;80700;HYDROGEL_PACK;9950;14;9948;25;;;9966;14;9969;25;;;9958.0;-60.802734375
39;80800;HYDROGEL_PACK;9950;10;9948;30;;;9966;10;9969;30;;;9958.0;-60.75390625
39;80900;HYDROGEL_PACK;9949;15;9946;30;;;9965;15;9967;30;;;9957.0;-62.384765625
39;81000;HYDROGEL_PACK;9947;11;9944;24;;;9963;11;9965;24;;;9955.0;-64.271484375
39;81100;HYDROGEL_PACK;9950;10;9948;29;;;9966;10;9969;29;;;9958.0;-60.7314453125
39;81200;HYDROGEL_PACK;9950;13;9948;20;;;9966;13;9969;20;;;9958.0;-60.912109375
39;81300;HYDROGEL_PACK;9948;11;9946;23;;;9964;11;9967;23;;;9956.0;-62.6484375
39;81400;HYDROGEL_PACK;9949;15;9947;24;;;9965;15;9968;24;;;9957.0;-61.7158203125
39;81500;HYDROGEL_PACK;9948;10;9945;28;;;9964;10;9966;28;;;9956.0;-63.2470703125
39;81600;HYDROGEL_PACK;9948;10;9946;26;;;9964;10;9967;26;;;9956.0;-62.5751953125
39;81700;HYDROGEL_PACK;9952;14;9949;29;;;9968;14;9970;29;;;9960.0;-59.04296875
39;81800;HYDROGEL_PACK;9952;13;9949;22;;;9968;13;9970;22;;;9960.0;-59.359375
39;81900;HYDROGEL_PACK;9951;15;9949;23;;;9967;15;9970;23;;;9959.0;-59.9345703125
39;82000;HYDROGEL_PACK;9950;15;9948;29;;;9966;15;9969;29;;;9958.0;-60.8017578125
39;82100;HYDROGEL_PACK;9949;11;9947;27;;;9965;11;9967;27;;;9957.0;-61.984375
39;82200;HYDROGEL_PACK;9949;15;9946;21;;;9965;15;9967;21;;;9957.0;-62.375
39;82300;HYDROGEL_PACK;9948;10;9945;21;;;9963;10;9966;21;;;9955.5;-63.529296875
39;82400;HYDROGEL_PACK;9945;12;9943;20;;;9961;12;9964;20;;;9953.0;-65.580078125
39;82500;HYDROGEL_PACK;9944;13;9942;28;;;9960;13;9963;28;;;9952.0;-66.552734375
39;82600;HYDROGEL_PACK;9946;14;9943;28;;;9962;14;9964;28;;;9954.0;-65.4287109375
39;82700;HYDROGEL_PACK;9948;15;9945;26;;;9964;15;9966;26;;;9956.0;-63.3271484375
39;82800;HYDROGEL_PACK;9950;14;9947;20;;;9966;14;9968;20;;;9958.0;-61.1162109375
39;82900;HYDROGEL_PACK;9948;15;9946;25;;;9964;15;9967;25;;;9956.0;-62.78125
39;83000;HYDROGEL_PACK;9950;14;9948;27;;;9966;14;9968;27;;;9958.0;-61.0205078125
39;83100;HYDROGEL_PACK;9948;10;9946;22;;;9964;10;9967;22;;;9956.0;-62.583984375
39;83200;HYDROGEL_PACK;9950;10;9948;21;;;9966;10;9969;21;;;9958.0;-60.6962890625
39;83300;HYDROGEL_PACK;9949;10;9946;28;;;9965;10;9967;28;;;9957.0;-62.3427734375
39;83400;HYDROGEL_PACK;9947;11;9944;20;;;9963;11;9965;20;;;9955.0;-64.2529296875
39;83500;HYDROGEL_PACK;9946;15;9943;28;;;9962;15;9964;28;;;9954.0;-65.4208984375
39;83600;HYDROGEL_PACK;9944;12;9942;28;;;9960;12;9963;28;;;9952.0;-66.73828125
39;83700;HYDROGEL_PACK;9943;15;9941;24;;;9959;15;9962;24;;;9951.0;-67.8818359375
39;83800;HYDROGEL_PACK;9943;11;9940;29;;;9959;11;9961;29;;;9951.0;-68.1689453125
39;83900;HYDROGEL_PACK;9940;13;9938;25;;;9956;13;9959;25;;;9948.0;-70.7177734375
39;84000;HYDROGEL_PACK;9938;15;9936;23;;;9954;15;9956;23;;;9946.0;-73.0361328125
39;84100;HYDROGEL_PACK;9937;14;9934;24;;;9953;14;9955;24;;;9945.0;-74.220703125
39;84200;HYDROGEL_PACK;9939;13;9937;27;;;9955;13;9958;27;;;9947.0;-71.8310546875
39;84300;HYDROGEL_PACK;9939;12;9936;25;;;9955;12;9957;25;;;9947.0;-72.3857421875
39;84400;HYDROGEL_PACK;9940;14;9937;29;;;9956;14;9958;29;;;9948.0;-71.4560546875
39;84500;HYDROGEL_PACK;9938;13;9936;29;;;9954;13;9957;29;;;9946.0;-72.931640625
39;84600;HYDROGEL_PACK;9940;14;9937;28;;;9956;14;9958;28;;;9948.0;-71.376953125
39;84700;HYDROGEL_PACK;9941;15;9938;20;;;9957;15;9959;20;;;9949.0;-70.111328125
39;84800;HYDROGEL_PACK;9944;11;9941;22;;;9960;11;9962;22;;;9952.0;-67.361328125
39;84900;HYDROGEL_PACK;9941;11;9939;21;;;9957;11;9960;21;;;9949.0;-69.6435546875
39;85000;HYDROGEL_PACK;9942;12;9939;29;;;9958;12;9960;29;;;9950.0;-69.14453125
39;85100;HYDROGEL_PACK;9944;13;9941;23;;;9960;13;9962;23;;;9952.0;-67.3525390625
39;85200;HYDROGEL_PACK;9943;12;9941;21;;;9959;12;9961;21;;;9951.0;-67.9931640625
39;85300;HYDROGEL_PACK;9943;14;9940;29;;;9959;14;9961;29;;;9951.0;-68.080078125
39;85400;HYDROGEL_PACK;9939;10;9936;22;;;9954;10;9957;22;;;9946.5;-72.4951171875
39;85500;HYDROGEL_PACK;9938;11;9936;30;;;9954;11;9956;30;;;9946.0;-73.0234375
39;85600;HYDROGEL_PACK;9939;14;9936;29;;;9955;14;9957;29;;;9947.0;-72.10546875
39;85700;HYDROGEL_PACK;9940;14;9937;22;;;9947;8;9956;14;9958;22;9943.5;-71.3994140625
39;85800;HYDROGEL_PACK;9941;15;9938;28;;;9957;15;9959;28;;;9949.0;-70.3515625
39;85900;HYDROGEL_PACK;9939;14;9936;20;;;9955;14;9957;20;;;9947.0;-72.19140625
39;86000;HYDROGEL_PACK;9941;12;9938;29;;;9956;12;9959;29;;;9948.5;-70.4794921875
39;86100;HYDROGEL_PACK;9939;12;9937;21;;;9955;12;9958;21;;;9947.0;-71.8251953125
39;86200;HYDROGEL_PACK;9939;14;9937;25;;;9955;14;9957;25;;;9947.0;-72.01171875
39;86300;HYDROGEL_PACK;9937;13;9935;24;;;9953;13;9956;24;;;9945.0;-73.9326171875
39;86400;HYDROGEL_PACK;9935;11;9933;22;;;9951;11;9953;22;;;9943.0;-76.0068359375
39;86500;HYDROGEL_PACK;9937;13;9935;28;;;9953;13;9956;28;;;9945.0;-73.7919921875
39;86600;HYDROGEL_PACK;9937;10;9935;21;;;9953;10;9955;21;;;9945.0;-74.041015625
39;86700;HYDROGEL_PACK;9942;15;9940;25;;;9958;15;9960;25;;;9950.0;-69.001953125
39;86800;HYDROGEL_PACK;9941;14;9938;28;;;9957;14;9959;28;;;9949.0;-70.322265625
39;86900;HYDROGEL_PACK;9941;11;9938;24;;;9957;11;9959;24;;;9949.0;-70.455078125
39;87000;HYDROGEL_PACK;9937;14;9935;25;;;9953;14;9956;25;;;9945.0;-73.689453125
39;87100;HYDROGEL_PACK;9939;12;9937;23;;;9955;12;9957;23;;;9947.0;-72.0498046875
39;87200;HYDROGEL_PACK;9937;11;9935;24;;;9953;11;9955;24;;;9945.0;-74.0517578125
39;87300;HYDROGEL_PACK;9937;12;9934;28;;;9952;12;9955;28;;;9944.5;-74.49609375
39;87400;HYDROGEL_PACK;9935;10;9932;22;;;9951;10;9953;22;;;9943.0;-76.1728515625
39;87500;HYDROGEL_PACK;9937;15;9935;26;;;9953;15;9955;26;;;9945.0;-74.0380859375
39;87600;HYDROGEL_PACK;9935;15;9932;25;;;9951;15;9953;25;;;9943.0;-76.4208984375
39;87700;HYDROGEL_PACK;9934;10;9932;22;;;9950;10;9952;22;;;9942.0;-77.021484375
39;87800;HYDROGEL_PACK;9944;5;9937;10;9934;22;9953;10;9955;22;;;9948.5;-74.314453125
39;87900;HYDROGEL_PACK;9935;10;9932;23;;;9951;10;9953;23;;;9943.0;-76.3154296875
39;88000;HYDROGEL_PACK;9933;13;9931;26;;;9949;13;9952;26;;;9941.0;-77.875
39;88100;HYDROGEL_PACK;9930;11;9928;25;;;9946;11;9948;25;;;9938.0;-80.96875
39;88200;HYDROGEL_PACK;9929;15;9927;20;;;9945;15;9947;20;;;9937.0;-81.990234375
39;88300;HYDROGEL_PACK;9928;15;9926;27;;;9944;15;9947;27;;;9936.0;-82.5869140625
39;88400;HYDROGEL_PACK;9927;12;9924;25;;;9943;12;9945;25;;;9935.0;-84.3388671875
39;88500;HYDROGEL_PACK;9929;15;9926;24;;;9945;15;9947;24;;;9937.0;-82.435546875
39;88600;HYDROGEL_PACK;9926;12;9924;26;;;9942;12;9944;26;;;9934.0;-85.037109375
39;88700;HYDROGEL_PACK;9926;14;9924;20;;;9942;14;9945;20;;;9934.0;-84.728515625
39;88800;HYDROGEL_PACK;9923;11;9920;22;;;9939;11;9941;22;;;9931.0;-88.390625
39;88900;HYDROGEL_PACK;9924;15;9921;25;;;9940;15;9942;25;;;9932.0;-87.4189453125
39;89000;HYDROGEL_PACK;9925;13;9923;21;;;9941;13;9944;21;;;9933.0;-85.560546875
39;89100;HYDROGEL_PACK;9924;10;9922;30;;;9940;10;9943;30;;;9932.0;-86.634765625
39;89200;HYDROGEL_PACK;9923;12;9920;26;;;9939;12;9941;26;;;9931.0;-88.28515625
39;89300;HYDROGEL_PACK;9920;14;9918;25;;;9936;14;9938;25;;;9928.0;-91.033203125
39;89400;HYDROGEL_PACK;9922;10;9919;25;;;9937;10;9940;25;;;9929.5;-89.5419921875
39;89500;HYDROGEL_PACK;9921;10;9918;30;;;9936;10;9939;30;;;9928.5;-90.5458984375
39;89600;HYDROGEL_PACK;9925;12;9923;29;;;9941;12;9944;29;;;9933.0;-85.6533203125
39;89700;HYDROGEL_PACK;9933;9;9926;12;9923;30;9942;12;9944;30;;;9937.5;-85.4443359375
39;89800;HYDROGEL_PACK;9924;14;9921;26;;;9940;14;9942;26;;;9932.0;-87.3779296875
39;89900;HYDROGEL_PACK;9921;15;9918;25;;;9937;15;9939;25;;;9929.0;-90.1904296875
39;90000;HYDROGEL_PACK;9919;10;9917;20;;;9935;10;9938;20;;;9927.0;-91.6962890625
39;90100;HYDROGEL_PACK;9915;14;9913;20;;;9931;14;9934;20;;;9923.0;-95.7421875
39;90200;HYDROGEL_PACK;9918;14;9915;29;;;9934;14;9936;29;;;9926.0;-93.1474609375
39;90300;HYDROGEL_PACK;9919;11;9916;30;;;9935;11;9937;30;;;9927.0;-92.2021484375
39;90400;HYDROGEL_PACK;9920;13;9918;25;;;9936;13;9939;25;;;9928.0;-90.5849609375
39;90500;HYDROGEL_PACK;9920;12;9917;20;;;9936;12;9938;20;;;9928.0;-91.1904296875
39;90600;HYDROGEL_PACK;9918;15;9915;28;;;9934;15;9936;28;;;9926.0;-93.3740234375
39;90700;HYDROGEL_PACK;9914;14;9912;27;;;9930;14;9933;27;;;9922.0;-96.62109375
39;90800;HYDROGEL_PACK;9913;12;9910;24;;;9929;12;9931;24;;;9921.0;-98.294921875
39;90900;HYDROGEL_PACK;9914;10;9911;23;;;9930;10;9932;23;;;9922.0;-97.083984375
39;91000;HYDROGEL_PACK;9912;14;9909;24;;;9928;14;9930;24;;;9920.0;-99.0849609375
39;91100;HYDROGEL_PACK;9907;10;9905;28;;;9923;10;9925;28;;;9915.0;-104.0009765625
39;91200;HYDROGEL_PACK;9907;11;9905;28;;;9923;11;9925;28;;;9915.0;-103.943359375
39;91300;HYDROGEL_PACK;9910;12;9908;21;;;9926;12;9929;21;;;9918.0;-100.5703125
39;91400;HYDROGEL_PACK;9911;10;9909;21;;;9927;10;9929;21;;;9919.0;-99.984375
39;91500;HYDROGEL_PACK;9911;10;9908;24;;;9927;10;9929;24;;;9919.0;-100.416015625
39;91600;HYDROGEL_PACK;9912;10;9909;25;;;9928;10;9930;25;;;9920.0;-99.2744140625
39;91700;HYDROGEL_PACK;9913;13;9911;27;;;9929;13;9931;27;;;9921.0;-98.015625
39;91800;HYDROGEL_PACK;9916;14;9913;27;;;9932;14;9934;27;;;9924.0;-95.2158203125
39;91900;HYDROGEL_PACK;9915;15;9913;23;;;9931;15;9934;23;;;9923.0;-95.9208984375
39;92000;HYDROGEL_PACK;9914;14;9912;20;;;9930;14;9933;20;;;9922.0;-96.5869140625
39;92100;HYDROGEL_PACK;9914;10;9912;28;;;9930;10;9933;28;;;9922.0;-96.86328125
39;92200;HYDROGEL_PACK;9915;15;9913;25;;;9931;15;9933;25;;;9923.0;-96.0654296875
39;92300;HYDROGEL_PACK;9915;14;9913;30;;;9931;14;9934;30;;;9923.0;-95.580078125
39;92400;HYDROGEL_PACK;9916;13;9914;23;;;9932;13;9935;23;;;9924.0;-94.7998046875
39;92500;HYDROGEL_PACK;9916;12;9914;25;;;9932;12;9934;25;;;9924.0;-94.935546875
39;92600;HYDROGEL_PACK;9914;12;9911;25;;;9929;12;9932;25;;;9921.5;-97.537109375
39;92700;HYDROGEL_PACK;9915;15;9912;21;;;9931;15;9933;21;;;9923.0;-96.3447265625
39;92800;HYDROGEL_PACK;9914;15;9912;24;;;9930;15;9933;24;;;9922.0;-96.8828125
39;92900;HYDROGEL_PACK;9915;14;9912;27;;;9930;14;9933;27;;;9922.5;-96.4580078125
39;93000;HYDROGEL_PACK;9922;8;9914;15;9912;23;9930;15;9933;23;;;9926.0;-96.826171875
39;93100;HYDROGEL_PACK;9912;14;9910;24;;;9928;14;9931;24;;;9920.0;-98.58203125
39;93200;HYDROGEL_PACK;9912;12;9910;29;;;9928;12;9931;29;;;9920.0;-98.6201171875
39;93300;HYDROGEL_PACK;9915;10;9912;21;;;9930;10;9933;21;;;9922.5;-96.5
39;93400;HYDROGEL_PACK;9915;15;9912;24;;;9930;15;9933;24;;;9922.5;-96.548828125
39;93500;HYDROGEL_PACK;9914;11;9912;27;;;9930;11;9933;27;;;9922.0;-96.583984375
39;93600;HYDROGEL_PACK;9917;14;9914;22;;;9933;14;9935;22;;;9925.0;-94.1953125
39;93700;HYDROGEL_PACK;9918;10;9915;25;;;9934;10;9936;25;;;9926.0;-93.2109375
39;93800;HYDROGEL_PACK;9918;13;9915;30;;;9933;13;9936;30;;;9925.5;-93.45703125
39;93900;HYDROGEL_PACK;9919;13;9916;28;;;9935;13;9937;28;;;9927.0;-92.0751953125
39;94000;HYDROGEL_PACK;9919;10;9917;26;;;9935;10;9938;26;;;9927.0;-91.5732421875
39;94100;HYDROGEL_PACK;9922;10;9919;20;;;9937;10;9940;20;;;9929.5;-89.4619140625
39;94200;HYDROGEL_PACK;9922;14;9920;30;;;9938;14;9940;30;;;9930.0;-89.052734375
39;94300;HYDROGEL_PACK;9923;14;9921;22;;;9939;14;9941;22;;;9931.0;-87.9453125
39;94400;HYDROGEL_PACK;9922;14;9920;25;;;9938;14;9941;25;;;9930.0;-88.5859375
39;94500;HYDROGEL_PACK;9925;14;9923;22;;;9941;14;9944;22;;;9933.0;-85.552734375
39;94600;HYDROGEL_PACK;9930;10;9928;20;;;9946;10;9948;20;;;9938.0;-81.05078125
39;94700;HYDROGEL_PACK;9930;14;9928;20;;;9946;14;9948;20;;;9938.0;-80.9755859375
39;94800;HYDROGEL_PACK;9932;12;9929;24;;;9948;12;9950;24;;;9940.0;-79.33203125
39;94900;HYDROGEL_PACK;9932;11;9930;21;;;9948;11;9950;21;;;9940.0;-79.0595703125
39;95000;HYDROGEL_PACK;9935;14;9932;25;;;9950;14;9953;25;;;9942.5;-76.5224609375
39;95100;HYDROGEL_PACK;9931;14;9928;29;;;9946;14;9949;29;;;9938.5;-80.4619140625
39;95200;HYDROGEL_PACK;9931;13;9928;22;;;9947;13;9949;22;;;9939.0;-80.09375
39;95300;HYDROGEL_PACK;9934;15;9932;25;;;9950;15;9953;25;;;9942.0;-76.939453125
39;95400;HYDROGEL_PACK;9933;10;9931;30;;;9949;10;9951;30;;;9941.0;-77.947265625
39;95500;HYDROGEL_PACK;9934;12;9931;29;;;9950;12;9952;29;;;9942.0;-77.0869140625
39;95600;HYDROGEL_PACK;9931;13;9929;26;;;9947;13;9950;26;;;9939.0;-79.865234375
39;95700;HYDROGEL_PACK;9930;15;9928;20;;;9946;15;9949;20;;;9938.0;-80.86328125
39;95800;HYDROGEL_PACK;9929;10;9927;21;;;9945;10;9948;21;;;9937.0;-81.6923828125
39;95900;HYDROGEL_PACK;9931;14;9928;21;;;9947;14;9949;21;;;9939.0;-80.423828125
39;96000;HYDROGEL_PACK;9930;13;9928;23;;;9946;13;9948;23;;;9938.0;-80.96875
39;96100;HYDROGEL_PACK;9930;10;9927;24;;;9946;10;9948;24;;;9938.0;-81.431640625
39;96200;HYDROGEL_PACK;9928;13;9925;22;;;9944;13;9946;22;;;9936.0;-83.1220703125
39;96300;HYDROGEL_PACK;9926;13;9924;30;;;9942;13;9945;30;;;9934.0;-84.7373046875
39;96400;HYDROGEL_PACK;9928;14;9925;22;;;9944;14;9946;22;;;9936.0;-83.4423828125
39;96500;HYDROGEL_PACK;9929;15;9926;26;;;9944;15;9947;26;;;9936.5;-82.5048828125
39;96600;HYDROGEL_PACK;9929;11;9926;20;;;9944;11;9947;20;;;9936.5;-82.4853515625
39;96700;HYDROGEL_PACK;9931;15;9928;20;;;9947;15;9949;20;;;9939.0;-80.1708984375
39;96800;HYDROGEL_PACK;9931;13;9928;23;;;9947;13;9949;23;;;9939.0;-80.1630859375
39;96900;HYDROGEL_PACK;9931;14;9929;29;;;9947;14;9950;29;;;9939.0;-79.556640625
39;97000;HYDROGEL_PACK;9933;10;9930;26;;;9949;10;9951;26;;;9941.0;-78.4443359375
39;97100;HYDROGEL_PACK;9930;12;9927;22;;;9945;12;9948;22;;;9937.5;-81.5439453125
39;97200;HYDROGEL_PACK;9934;11;9931;22;;;9949;11;9952;22;;;9941.5;-77.4794921875
39;97300;HYDROGEL_PACK;9938;10;9936;28;;;9954;10;9957;28;;;9946.0;-72.9375
39;97400;HYDROGEL_PACK;9937;13;9934;24;;;9953;13;9955;24;;;9945.0;-74.05859375
39;97500;HYDROGEL_PACK;9938;10;9935;23;;;9954;10;9956;23;;;9946.0;-73.33984375
39;97600;HYDROGEL_PACK;9937;10;9934;26;;;9953;10;9955;26;;;9945.0;-74.271484375
39;97700;HYDROGEL_PACK;9937;10;9935;24;;;9953;10;9956;24;;;9945.0;-73.6494140625
39;97800;HYDROGEL_PACK;9939;14;9936;28;;;9955;14;9957;28;;;9947.0;-72.09765625
39;97900;HYDROGEL_PACK;9947;6;9940;15;9937;25;9956;15;9958;25;;;9951.5;-71.3203125
39;98000;HYDROGEL_PACK;9938;14;9935;25;;;9954;14;9956;25;;;9946.0;-73.3095703125
39;98100;HYDROGEL_PACK;9939;13;9936;28;;;9954;13;9957;28;;;9946.5;-72.529296875
39;98200;HYDROGEL_PACK;9939;15;9937;23;;;9955;15;9958;23;;;9947.0;-71.80859375
39;98300;HYDROGEL_PACK;9936;14;9933;30;;;9952;14;9954;30;;;9944.0;-75.1865234375
39;98400;HYDROGEL_PACK;9937;13;9934;27;;;9953;13;9955;27;;;9945.0;-74.455078125
39;98500;HYDROGEL_PACK;9937;10;9934;24;;;9953;10;9955;24;;;9945.0;-74.3662109375
39;98600;HYDROGEL_PACK;9939;14;9937;30;;;9955;14;9957;30;;;9947.0;-72.033203125
39;98700;HYDROGEL_PACK;9939;12;9937;26;;;9947;4;9955;12;9958;26;9943.0;-71.796875
39;98800;HYDROGEL_PACK;9942;13;9939;23;;;9958;13;9960;23;;;9950.0;-69.060546875
39;98900;HYDROGEL_PACK;9941;12;9939;20;;;9957;12;9959;20;;;9949.0;-70.0126953125
39;99000;HYDROGEL_PACK;9940;14;9937;22;;;9956;14;9958;22;;;9948.0;-71.1328125
39;99100;HYDROGEL_PACK;9943;14;9940;25;;;9959;14;9961;25;;;9951.0;-68.1201171875
39;99200;HYDROGEL_PACK;9945;10;9942;29;;;9960;10;9963;29;;;9952.5;-66.5302734375
39;99300;HYDROGEL_PACK;9944;14;9941;29;;;9960;14;9962;29;;;9952.0;-67.4140625
39;99400;HYDROGEL_PACK;9945;14;9943;27;;;9961;14;9964;27;;;9953.0;-65.8125
39;99500;HYDROGEL_PACK;9945;13;9943;28;;;9961;13;9964;28;;;9953.0;-65.896484375
39;99600;HYDROGEL_PACK;9945;10;9943;27;;;9961;10;9964;27;;;9953.0;-65.7470703125
39;99700;HYDROGEL_PACK;9948;15;9946;23;;;9964;15;9967;23;;;9956.0;-62.59765625
39;99800;HYDROGEL_PACK;9951;15;9948;25;;;9967;15;9969;25;;;9959.0;-60.0634765625
39;99900;HYDROGEL_PACK;9952;14;9949;28;;;9968;14;9970;28;;;9960.0;-59.2021484375
