day;timestamp;product;bid_price_1;bid_volume_1;bid_price_2;bid_volume_2;bid_price_3;bid_volume_3;ask_price_1;ask_volume_1;ask_price_2;ask_volume_2;ask_price_3;ask_volume_3;mid_price;profit_and_loss
1;0;ASH_COATED_OSMIUM;9998;21;;;;;10016;13;10019;21;;;10007.0;0.0
1;100;ASH_COATED_OSMIUM;10000;15;9998;26;;;10016;15;10019;26;;;10008.0;-7.923828125
1;200;ASH_COATED_OSMIUM;10000;15;9998;30;;;10016;15;;;;;10008.0;-7.5126953125
1;300;ASH_COATED_OSMIUM;10000;12;9998;27;;;10016;12;10019;27;;;10008.0;-7.9072265625
1;400;ASH_COATED_OSMIUM;10010;8;10000;12;;;10016;12;10019;25;;;10013.0;-7.8330078125
1;500;ASH_COATED_OSMIUM;10000;11;;;;;10017;11;10019;22;;;10008.5;-7.4990234375
1;600;ASH_COATED_OSMIUM;10000;13;9998;25;;;;;;;;;10000.0;-7.556640625
1;700;ASH_COATED_OSMIUM;10000;11;;;;;10016;11;;;;;10008.0;-7.5625
1;800;ASH_COATED_OSMIUM;10001;12;9998;27;;;10017;12;10019;27;;;10009.0;-7.3447265625
1;900;ASH_COATED_OSMIUM;10001;12;9998;21;;;10017;12;10019;21;;;10009.0;-7.3798828125
1;1000;ASH_COATED_OSMIUM;10001;14;9998;28;;;10017;14;10019;28;;;10009.0;-7.0283203125
1;1100;ASH_COATED_OSMIUM;10001;13;9998;28;;;10019;28;;;;;10010.0;-7.1845703125
1;1200;ASH_COATED_OSMIUM;9998;28;;;;;10017;12;;;;;10007.5;-7.076171875
1;1300;ASH_COATED_OSMIUM;10001;13;9999;23;;;10020;23;;;;;10010.5;-6.7578125
1;1400;ASH_COATED_OSMIUM;10001;10;;;;;;;;;;;10001.0;-6.7978515625
1;1500;ASH_COATED_OSMIUM;10001;12;;;;;10020;29;;;;;10010.5;-6.9501953125
1;1600;ASH_COATED_OSMIUM;9999;23;;;;;10017;14;10020;23;;;10008.0;-6.662109375
1;1700;ASH_COATED_OSMIUM;10001;13;9999;24;;;10020;24;;;;;10010.5;-6.505859375
1;1800;ASH_COATED_OSMIUM;9999;28;;;;;10011;4;10017;13;10020;28;10005.0;-6.54296875
1;1900;ASH_COATED_OSMIUM;10002;15;9999;24;;;10020;24;;;;;10011.0;-6.3095703125
1;2000;ASH_COATED_OSMIUM;10002;13;10000;22;;;10018;13;;;;;10010.0;-5.7529296875
1;2100;ASH_COATED_OSMIUM;10000;25;;;;;10019;12;10021;25;;;10009.5;-5.4248046875
1;2200;ASH_COATED_OSMIUM;10003;10;10000;29;;;10021;29;;;;;10012.0;-5.203125
1;2300;ASH_COATED_OSMIUM;10003;14;10000;20;;;10019;14;10021;20;;;10011.0;-5.197265625
1;2400;ASH_COATED_OSMIUM;10002;10;10000;25;;;10018;10;10021;25;;;10010.0;-5.5439453125
1;2500;ASH_COATED_OSMIUM;10002;14;10000;27;;;10018;14;10021;27;;;10010.0;-5.6337890625
1;2600;ASH_COATED_OSMIUM;10002;13;9999;20;;;10018;13;10020;20;;;10010.0;-6.2529296875
1;2700;ASH_COATED_OSMIUM;9999;29;;;;;10018;14;10020;29;;;10008.5;-6.4580078125
1;2800;ASH_COATED_OSMIUM;10002;11;9999;22;;;10018;11;10020;22;;;10010.0;-6.1376953125
1;2900;ASH_COATED_OSMIUM;10001;15;9999;21;;;10020;21;;;;;10010.5;-6.6279296875
1;3000;ASH_COATED_OSMIUM;10002;13;9999;27;;;10018;13;10020;27;;;10010.0;-6.3759765625
1;3100;ASH_COATED_OSMIUM;10001;10;9999;25;;;10017;10;;;;;10009.0;-6.7783203125
1;3200;ASH_COATED_OSMIUM;10001;12;9999;28;;;10017;12;10020;28;;;10009.0;-6.703125
1;3300;ASH_COATED_OSMIUM;9999;26;;;;;10017;12;10020;26;;;10008.0;-6.837890625
1;3400;ASH_COATED_OSMIUM;10001;11;9999;25;;;10017;11;10020;25;;;10009.0;-6.5712890625
1;3500;ASH_COATED_OSMIUM;10001;10;9999;21;;;10017;10;10020;21;;;10009.0;-6.6923828125
1;3600;ASH_COATED_OSMIUM;9998;30;;;;;10017;10;10019;30;;;10007.5;-7.19140625
1;3700;ASH_COATED_OSMIUM;10000;15;;;;;10016;15;10019;24;;;10008.0;-7.7578125
1;3800;ASH_COATED_OSMIUM;10006;5;10001;13;9998;29;10017;13;;;;;10011.5;-7.267578125
1;3900;ASH_COATED_OSMIUM;10001;13;9998;26;;;10019;26;;;;;10010.0;-7.4794921875
1;4000;ASH_COATED_OSMIUM;9998;30;;;;;10019;30;;;;;10008.5;-7.734375
1;4100;ASH_COATED_OSMIUM;10000;14;9998;25;;;10016;14;10019;25;;;10008.0;-7.6611328125
1;4200;ASH_COATED_OSMIUM;10001;10;9998;26;;;10017;10;;;;;10009.0;-7.1103515625
1;4300;ASH_COATED_OSMIUM;10001;12;9999;24;;;10017;12;10020;24;;;10009.0;-6.6845703125
1;4400;ASH_COATED_OSMIUM;10001;10;9999;22;;;10020;22;;;;;10010.5;-6.8876953125
1;4500;ASH_COATED_OSMIUM;10002;14;;;;;10018;14;10020;26;;;10010.0;-6.4150390625
1;4600;ASH_COATED_OSMIUM;9999;21;;;;;10018;15;;;;;10008.5;-6.2724609375
1;4700;ASH_COATED_OSMIUM;10001;14;9999;27;;;10017;14;10020;27;;;10009.0;-6.79296875
1;4800;ASH_COATED_OSMIUM;10001;10;9998;28;;;10017;10;10019;28;;;10009.0;-7.0859375
1;4900;ASH_COATED_OSMIUM;9999;27;;;;;10017;15;10020;27;;;10008.0;-6.8154296875
1;5000;ASH_COATED_OSMIUM;10001;12;9999;29;;;10020;29;;;;;10010.5;-6.9384765625
1;5100;ASH_COATED_OSMIUM;9998;24;;;;;10017;11;;;;;10007.5;-7.1591796875
1;5200;ASH_COATED_OSMIUM;10001;15;9998;29;;;10017;15;;;;;10009.0;-7.1162109375
1;5300;ASH_COATED_OSMIUM;9999;21;;;;;10017;15;;;;;10008.0;-6.8388671875
1;5400;ASH_COATED_OSMIUM;10001;14;9999;20;;;10017;14;;;;;10009.0;-6.84765625
1;5500;ASH_COATED_OSMIUM;9999;28;;;;;10020;28;;;;;10009.5;-6.712890625
1;5600;ASH_COATED_OSMIUM;9998;21;;;;;10017;14;10019;21;;;10007.5;-7.1962890625
1;5700;ASH_COATED_OSMIUM;10001;12;9998;29;;;10017;12;10019;29;;;10009.0;-7.1806640625
1;5800;ASH_COATED_OSMIUM;10001;10;9999;28;;;10020;28;;;;;10010.5;-6.7392578125
1;5900;ASH_COATED_OSMIUM;10002;15;9999;29;;;;;;;;;10002.0;-6.42578125
1;6000;ASH_COATED_OSMIUM;10001;15;;;;;10020;30;;;;;10010.5;-6.5712890625
1;6100;ASH_COATED_OSMIUM;10001;11;;;;;10017;11;10020;28;;;10009.0;-6.8623046875
1;6200;ASH_COATED_OSMIUM;10001;11;9998;20;;;10017;11;;;;;10009.0;-7.2138671875
1;6300;ASH_COATED_OSMIUM;10001;12;;;;;10019;22;;;;;10010.0;-7.1435546875
1;6400;ASH_COATED_OSMIUM;10001;14;9998;23;;;10017;14;;;;;10009.0;-7.021484375
1;6500;ASH_COATED_OSMIUM;10001;13;9999;24;;;10017;13;10020;24;;;10009.0;-6.89453125
1;6600;ASH_COATED_OSMIUM;9998;25;;;;;10017;15;;;;;10007.5;-7.1796875
1;6700;ASH_COATED_OSMIUM;10001;13;9998;29;;;10017;13;10019;29;;;10009.0;-7.29296875
1;6800;ASH_COATED_OSMIUM;9998;30;;;;;10017;10;10019;30;;;10007.5;-7.025390625
1;6900;ASH_COATED_OSMIUM;10006;5;9998;22;;;10017;12;10019;22;;;10011.5;-7.4033203125
1;7000;ASH_COATED_OSMIUM;10001;11;9998;22;;;10017;11;;;;;10009.0;-7.3154296875
1;7100;ASH_COATED_OSMIUM;10000;15;9998;25;;;10016;15;10019;25;;;10008.0;-7.6728515625
1;7200;ASH_COATED_OSMIUM;10006;2;10001;11;9998;20;;;;;;;10006.0;-7.1142578125
1;7300;ASH_COATED_OSMIUM;10001;11;9998;21;;;10017;11;10019;21;;;10009.0;-7.1904296875
1;7400;ASH_COATED_OSMIUM;;;;;;;10017;15;10019;26;;;10017.0;-7.3056640625
1;7500;ASH_COATED_OSMIUM;10001;14;9998;21;;;10017;14;;;;;10009.0;-7.17578125
1;7600;ASH_COATED_OSMIUM;10001;14;;;;;10007;5;10017;14;10020;30;10004.0;-6.82421875
1;7700;ASH_COATED_OSMIUM;10001;10;9998;25;;;10019;25;;;;;10010.0;-7.2314453125
1;7800;ASH_COATED_OSMIUM;10000;11;9998;22;;;10016;11;;;;;10008.0;-7.5146484375
1;7900;ASH_COATED_OSMIUM;10000;13;9998;23;;;10016;13;10019;23;;;10008.0;-7.7431640625
1;8000;ASH_COATED_OSMIUM;10000;15;9997;22;;;10018;22;;;;;10009.0;-8.3125
1;8100;ASH_COATED_OSMIUM;10000;10;;;;;10016;10;10019;30;;;10008.0;-7.8828125
1;8200;ASH_COATED_OSMIUM;10000;12;;;;;10016;12;10018;24;;;10008.0;-8.3408203125
1;8300;ASH_COATED_OSMIUM;10000;15;9998;23;;;10016;15;10019;23;;;10008.0;-7.6953125
1;8400;ASH_COATED_OSMIUM;10001;13;9999;23;;;10017;13;10020;23;;;10009.0;-6.8935546875
1;8500;ASH_COATED_OSMIUM;10001;14;;;;;10019;21;;;;;10010.0;-7.349609375
1;8600;ASH_COATED_OSMIUM;10001;13;9998;24;;;10017;13;10019;24;;;10009.0;-7.1767578125
1;8700;ASH_COATED_OSMIUM;9998;30;;;;;10017;11;;;;;10007.5;-7.4423828125
1;8800;ASH_COATED_OSMIUM;9998;22;;;;;10019;22;;;;;10008.5;-7.548828125
1;8900;ASH_COATED_OSMIUM;10001;11;9998;27;;;10010;5;10017;11;10019;27;10005.5;-7.3740234375
1;9000;ASH_COATED_OSMIUM;;;;;;;10017;14;10019;20;;;10017.0;-7.302734375
1;9100;ASH_COATED_OSMIUM;10006;4;10000;12;9998;25;10016;12;10019;25;;;10011.0;-7.552734375
1;9200;ASH_COATED_OSMIUM;10000;12;9998;21;;;10016;12;10019;21;;;10008.0;-7.7666015625
1;9300;ASH_COATED_OSMIUM;10000;12;;;;;10016;12;10019;23;;;10008.0;-7.8330078125
1;9400;ASH_COATED_OSMIUM;10000;10;9998;30;;;10006;10;10016;10;10019;30;10003.0;-7.9814453125
1;9500;ASH_COATED_OSMIUM;9999;14;9997;27;;;10015;14;10018;27;;;10007.0;-8.537109375
1;9600;ASH_COATED_OSMIUM;;;;;;;10015;10;10018;30;;;10015.0;-8.5830078125
1;9700;ASH_COATED_OSMIUM;9999;15;9997;26;;;10018;26;;;;;10008.5;-8.833984375
1;9800;ASH_COATED_OSMIUM;9999;13;;;;;10018;29;;;;;10008.5;-8.703125
1;9900;ASH_COATED_OSMIUM;9999;11;9996;29;;;10015;11;10017;29;;;10007.0;-9.20703125
1;10000;ASH_COATED_OSMIUM;9999;13;9997;23;;;10015;13;10018;23;;;10007.0;-8.935546875
1;10100;ASH_COATED_OSMIUM;9999;10;9996;22;;;10015;10;;;;;10007.0;-9.2109375
1;10200;ASH_COATED_OSMIUM;9999;11;9997;23;;;10015;11;10018;23;;;10007.0;-8.7353515625
1;10300;ASH_COATED_OSMIUM;10000;12;9997;21;;;10016;12;10018;21;;;10008.0;-8.359375
1;10400;ASH_COATED_OSMIUM;10000;12;9997;21;;;10016;12;10018;21;;;10008.0;-8.30078125
1;10500;ASH_COATED_OSMIUM;9999;11;9997;29;;;10015;11;10018;29;;;10007.0;-8.611328125
1;10600;ASH_COATED_OSMIUM;10000;11;9997;26;;;10016;11;10018;26;;;10008.0;-8.1513671875
1;10700;ASH_COATED_OSMIUM;9999;13;;;;;10015;13;;;;;10007.0;-8.9189453125
1;10800;ASH_COATED_OSMIUM;9999;12;9996;23;;;10015;12;10017;23;;;10007.0;-9.494140625
1;10900;ASH_COATED_OSMIUM;9999;13;9996;30;;;10017;30;;;;;10008.0;-9.3955078125
1;11000;ASH_COATED_OSMIUM;9998;11;;;;;10007;5;10014;11;10016;24;10002.5;-10.1181640625
1;11100;ASH_COATED_OSMIUM;9998;14;;;;;10014;14;;;;;10006.0;-10.40625
1;11200;ASH_COATED_OSMIUM;9998;10;;;;;10014;10;10016;26;;;10006.0;-10.4150390625
1;11300;ASH_COATED_OSMIUM;9997;12;;;;;10013;12;10016;29;;;10005.0;-10.978515625
1;11400;ASH_COATED_OSMIUM;9997;15;9995;22;;;10013;15;10016;22;;;10005.0;-10.6708984375
1;11500;ASH_COATED_OSMIUM;9997;15;9994;27;;;10013;15;10015;27;;;10005.0;-11.0927734375
1;11600;ASH_COATED_OSMIUM;9997;11;9995;30;;;10013;11;;;;;10005.0;-10.5400390625
1;11700;ASH_COATED_OSMIUM;9998;15;9995;22;;;10014;15;10016;22;;;10006.0;-10.443359375
1;11800;ASH_COATED_OSMIUM;9997;14;;;;;10013;14;10016;25;;;10005.0;-10.646484375
1;11900;ASH_COATED_OSMIUM;9997;11;9994;20;;;10015;20;;;;;10006.0;-11.134765625
1;12000;ASH_COATED_OSMIUM;9997;10;9994;22;;;10013;10;10015;22;;;10005.0;-11.029296875
1;12100;ASH_COATED_OSMIUM;9998;14;;;;;10014;14;10016;24;;;10006.0;-10.4677734375
1;12200;ASH_COATED_OSMIUM;9997;13;;;;;10013;13;10016;24;;;10005.0;-10.6904296875
1;12300;ASH_COATED_OSMIUM;9997;11;9995;20;;;10013;11;10016;20;;;10005.0;-10.681640625
1;12400;ASH_COATED_OSMIUM;9997;14;9995;28;;;10013;14;10016;28;;;10005.0;-10.9716796875
1;12500;ASH_COATED_OSMIUM;9997;15;9994;22;;;10013;15;;;;;10005.0;-11.1748046875
1;12600;ASH_COATED_OSMIUM;9997;11;9994;28;;;10013;11;10015;28;;;10005.0;-11.1123046875
1;12700;ASH_COATED_OSMIUM;9997;15;9994;23;;;10013;15;10015;23;;;10005.0;-11.1640625
1;12800;ASH_COATED_OSMIUM;9994;23;;;;;10013;15;10015;23;;;10003.5;-11.333984375
1;12900;ASH_COATED_OSMIUM;9997;14;9994;29;;;10013;14;;;;;10005.0;-11.06640625
1;13000;ASH_COATED_OSMIUM;9997;13;9994;25;;;10013;13;10015;25;;;10005.0;-11.322265625
1;13100;ASH_COATED_OSMIUM;9997;15;9995;24;;;10016;24;;;;;10006.5;-10.9169921875
1;13200;ASH_COATED_OSMIUM;9997;12;;;;;10013;12;10015;20;;;10005.0;-11.14453125
1;13300;ASH_COATED_OSMIUM;9997;15;9994;29;;;10013;15;10015;29;;;10005.0;-11.484375
1;13400;ASH_COATED_OSMIUM;9996;12;9994;29;;;10012;12;10015;29;;;10004.0;-11.703125
1;13500;ASH_COATED_OSMIUM;9996;15;9994;21;;;10012;15;10015;21;;;10004.0;-11.5673828125
1;13600;ASH_COATED_OSMIUM;9997;11;;;;;10013;11;10015;30;;;10005.0;-11.3984375
1;13700;ASH_COATED_OSMIUM;9996;10;9994;29;;;10012;10;;;;;10004.0;-11.802734375
1;13800;ASH_COATED_OSMIUM;9996;12;9994;26;;;10015;26;;;;;10005.5;-11.8359375
1;13900;ASH_COATED_OSMIUM;9996;12;9993;20;;;10012;12;10014;20;;;10004.0;-12.1279296875
1;14000;ASH_COATED_OSMIUM;9996;15;9994;28;;;10012;15;10015;28;;;10004.0;-11.7255859375
1;14100;ASH_COATED_OSMIUM;10002;4;9996;14;;;10012;14;10015;27;;;10007.0;-11.830078125
1;14200;ASH_COATED_OSMIUM;9996;15;9994;26;;;10015;26;;;;;10005.5;-11.904296875
1;14300;ASH_COATED_OSMIUM;9996;13;9994;30;;;10012;13;;;;;10004.0;-11.609375
1;14400;ASH_COATED_OSMIUM;;;;;;;10012;10;;;;;10012.0;-11.626953125
1;14500;ASH_COATED_OSMIUM;9996;10;9994;20;;;10006;5;10015;20;;;10001.0;-11.97265625
1;14600;ASH_COATED_OSMIUM;9996;15;9993;22;;;10014;22;;;;;10005.0;-12.2109375
1;14700;ASH_COATED_OSMIUM;9996;12;9993;26;;;10005;4;10012;12;10014;26;10000.5;-12.4365234375
1;14800;ASH_COATED_OSMIUM;9995;14;9993;23;;;10011;14;;;;;10003.0;-12.5869140625
1;14900;ASH_COATED_OSMIUM;9993;20;;;;;10014;20;;;;;10003.5;-12.1513671875
1;15000;ASH_COATED_OSMIUM;9996;13;9994;25;;;10012;13;10015;25;;;10004.0;-11.9931640625
1;15100;ASH_COATED_OSMIUM;;;;;;;10013;11;10015;26;;;10013.0;-11.267578125
1;15200;ASH_COATED_OSMIUM;9997;10;9995;25;;;10013;10;10016;25;;;10005.0;-10.849609375
1;15300;ASH_COATED_OSMIUM;9997;11;;;;;10013;11;10015;24;;;10005.0;-11.1572265625
1;15400;ASH_COATED_OSMIUM;9998;14;9995;23;;;10016;23;;;;;10007.0;-10.458984375
1;15500;ASH_COATED_OSMIUM;10007;10;9998;10;9995;22;10014;10;10016;22;;;10010.5;-10.322265625
1;15600;ASH_COATED_OSMIUM;9998;11;;;;;10014;11;;;;;10006.0;-10.080078125
1;15700;ASH_COATED_OSMIUM;9995;20;;;;;10014;15;10016;20;;;10004.5;-10.3837890625
1;15800;ASH_COATED_OSMIUM;9997;15;9995;23;;;10013;15;10016;23;;;10005.0;-10.5126953125
1;15900;ASH_COATED_OSMIUM;9998;10;9995;30;;;10014;10;;;;;10006.0;-10.244140625
1;16000;ASH_COATED_OSMIUM;;;;;;;10013;10;10016;23;;;10013.0;-10.68359375
1;16100;ASH_COATED_OSMIUM;10003;4;9995;25;;;10013;13;;;;;10008.0;-10.6533203125
1;16200;ASH_COATED_OSMIUM;9998;12;;;;;10014;12;10016;21;;;10006.0;-10.033203125
1;16300;ASH_COATED_OSMIUM;9998;13;9995;22;;;10014;13;10016;22;;;10006.0;-10.0498046875
1;16400;ASH_COATED_OSMIUM;9998;13;9995;26;;;10016;26;;;;;10007.0;-10.060546875
1;16500;ASH_COATED_OSMIUM;9998;15;9995;22;;;10014;15;10016;22;;;10006.0;-10.3310546875
1;16600;ASH_COATED_OSMIUM;9998;15;9995;27;;;10016;27;;;;;10007.0;-10.052734375
1;16700;ASH_COATED_OSMIUM;;;;;;;10015;13;10017;30;;;10015.0;-9.4375
1;16800;ASH_COATED_OSMIUM;9998;10;9996;26;;;10014;10;10017;26;;;10006.0;-9.62890625
1;16900;ASH_COATED_OSMIUM;9999;14;9996;23;;;10017;23;;;;;10008.0;-9.462890625
1;17000;ASH_COATED_OSMIUM;9998;11;9996;27;;;10017;27;;;;;10007.5;-9.7568359375
1;17100;ASH_COATED_OSMIUM;9998;12;9996;25;;;10014;12;10017;25;;;10006.0;-9.9228515625
1;17200;ASH_COATED_OSMIUM;9995;24;;;;;10014;13;10016;24;;;10004.5;-10.185546875
1;17300;ASH_COATED_OSMIUM;9998;12;9995;29;;;10014;12;10016;29;;;10006.0;-10.3779296875
1;17400;ASH_COATED_OSMIUM;9997;11;9995;21;;;10013;11;10016;21;;;10005.0;-10.66796875
1;17500;ASH_COATED_OSMIUM;9995;27;;;;;10016;27;;;;;10005.5;-10.6630859375
1;17600;ASH_COATED_OSMIUM;9998;14;9995;25;;;10014;14;10016;25;;;10006.0;-10.28515625
1;17700;ASH_COATED_OSMIUM;9995;24;;;;;10014;10;10016;24;;;10004.5;-10.1982421875
1;17800;ASH_COATED_OSMIUM;9998;10;9995;23;;;10014;10;10016;23;;;10006.0;-10.4658203125
1;17900;ASH_COATED_OSMIUM;9997;11;9995;22;;;10013;11;;;;;10005.0;-10.662109375
1;18000;ASH_COATED_OSMIUM;9997;15;9995;23;;;10013;15;;;;;10005.0;-10.9130859375
1;18100;ASH_COATED_OSMIUM;9995;30;;;;;10013;11;10016;30;;;10004.0;-10.83203125
1;18200;ASH_COATED_OSMIUM;9997;10;9995;28;;;10013;10;10016;28;;;10005.0;-10.9130859375
1;18300;ASH_COATED_OSMIUM;9997;11;9995;28;;;10013;11;10016;28;;;10005.0;-10.8828125
1;18400;ASH_COATED_OSMIUM;9997;10;;;;;10016;22;;;;;10006.5;-10.7783203125
1;18500;ASH_COATED_OSMIUM;9997;11;9995;25;;;10016;25;;;;;10006.5;-10.841796875
1;18600;ASH_COATED_OSMIUM;9997;11;9995;25;;;10013;11;10016;25;;;10005.0;-10.9853515625
1;18700;ASH_COATED_OSMIUM;9997;13;9995;20;;;10007;2;10013;13;10016;20;10002.0;-10.9453125
1;18800;ASH_COATED_OSMIUM;9997;13;9995;29;;;10013;13;10016;29;;;10005.0;-10.9365234375
1;18900;ASH_COATED_OSMIUM;9997;12;9994;30;;;10006;5;10013;12;10015;30;10001.5;-11.115234375
1;19000;ASH_COATED_OSMIUM;9997;10;9994;27;;;10013;10;10015;27;;;10005.0;-11.0146484375
1;19100;ASH_COATED_OSMIUM;9997;13;9995;29;;;10013;13;10016;29;;;10005.0;-10.728515625
1;19200;ASH_COATED_OSMIUM;9997;10;9995;23;;;10013;10;10016;23;;;10005.0;-10.9794921875
1;19300;ASH_COATED_OSMIUM;9997;15;9994;22;;;10013;15;;;;;10005.0;-11.2001953125
1;19400;ASH_COATED_OSMIUM;9997;14;9994;24;;;10013;14;10015;24;;;10005.0;-11.0859375
1;19500;ASH_COATED_OSMIUM;9997;11;;;;;10013;11;;;;;10005.0;-10.994140625
1;19600;ASH_COATED_OSMIUM;9995;26;;;;;10013;11;10016;26;;;10004.0;-10.876953125
1;19700;ASH_COATED_OSMIUM;9997;15;;;;;10013;15;10015;25;;;10005.0;-11.265625
1;19800;ASH_COATED_OSMIUM;9996;14;9994;29;;;10002;4;10012;14;10015;29;9999.0;-11.6923828125
1;19900;ASH_COATED_OSMIUM;9996;10;9993;26;;;10012;10;;;;;10004.0;-12.0712890625
1;20000;ASH_COATED_OSMIUM;9996;14;9993;21;;;10012;14;10014;21;;;10004.0;-12.3486328125
1;20100;ASH_COATED_OSMIUM;9996;11;9993;30;;;10012;11;10014;30;;;10004.0;-12.3427734375
1;20200;ASH_COATED_OSMIUM;9996;14;9994;26;;;;;;;;;9996.0;-11.744140625
1;20300;ASH_COATED_OSMIUM;9996;11;9993;26;;;10012;11;10014;26;;;10004.0;-12.0927734375
1;20400;ASH_COATED_OSMIUM;9995;11;9993;27;;;10011;11;10014;27;;;10003.0;-12.5576171875
1;20500;ASH_COATED_OSMIUM;9993;28;;;;;10011;10;10014;28;;;10002.0;-12.609375
1;20600;ASH_COATED_OSMIUM;9995;13;9993;25;;;10011;13;10014;25;;;10003.0;-12.90234375
1;20700;ASH_COATED_OSMIUM;9994;15;9992;20;;;10010;15;10013;20;;;10002.0;-13.541015625
1;20800;ASH_COATED_OSMIUM;;;;;;;10011;10;10013;23;;;10011.0;-13.228515625
1;20900;ASH_COATED_OSMIUM;9992;20;;;;;10011;14;10013;20;;;10001.5;-13.4052734375
1;21000;ASH_COATED_OSMIUM;9992;21;;;;;10010;10;10013;21;;;10001.0;-13.8642578125
1;21100;ASH_COATED_OSMIUM;9994;11;9992;26;;;10010;11;10013;26;;;10002.0;-13.5166015625
1;21200;ASH_COATED_OSMIUM;9994;12;9992;25;;;10004;5;10010;12;;;9999.0;-13.5322265625
1;21300;ASH_COATED_OSMIUM;9995;14;;;;;10011;14;10013;30;;;10003.0;-13.212890625
1;21400;ASH_COATED_OSMIUM;9995;12;9992;24;;;10013;24;;;;;10004.0;-13.0322265625
1;21500;ASH_COATED_OSMIUM;10001;3;9996;15;9993;29;10012;15;10014;29;;;10006.5;-12.4111328125
1;21600;ASH_COATED_OSMIUM;9995;14;9993;27;;;10011;14;10014;27;;;10003.0;-12.560546875
1;21700;ASH_COATED_OSMIUM;9995;14;;;;;10011;14;10014;27;;;10003.0;-12.57421875
1;21800;ASH_COATED_OSMIUM;9996;10;9993;23;;;10012;10;10014;23;;;10004.0;-12.4033203125
1;21900;ASH_COATED_OSMIUM;9995;13;9993;29;;;10011;13;10014;29;;;10003.0;-12.6064453125
1;22000;ASH_COATED_OSMIUM;9995;15;9993;27;;;10011;15;;;;;10003.0;-12.8251953125
1;22100;ASH_COATED_OSMIUM;9996;11;9993;29;;;;;;;;;9996.0;-12.49609375
1;22200;ASH_COATED_OSMIUM;9995;11;9993;28;;;10011;11;10014;28;;;10003.0;-12.740234375
1;22300;ASH_COATED_OSMIUM;9993;28;;;;;10001;4;10011;15;10014;28;9997.0;-12.6455078125
1;22400;ASH_COATED_OSMIUM;;;;;;;10011;11;10014;26;;;10011.0;-12.5673828125
1;22500;ASH_COATED_OSMIUM;9993;27;;;;;10014;27;;;;;10003.5;-12.5703125
1;22600;ASH_COATED_OSMIUM;9995;11;;;;;10011;11;10014;28;;;10003.0;-12.8271484375
1;22700;ASH_COATED_OSMIUM;10001;5;9995;10;9993;30;10011;10;10014;30;;;10006.0;-12.64453125
1;22800;ASH_COATED_OSMIUM;9993;25;;;;;10011;14;10014;25;;;10002.0;-12.5283203125
1;22900;ASH_COATED_OSMIUM;9996;11;9993;26;;;10012;11;10014;26;;;10004.0;-12.302734375
1;23000;ASH_COATED_OSMIUM;9993;22;;;;;10011;12;10014;22;;;10002.0;-12.587890625
1;23100;ASH_COATED_OSMIUM;9995;13;9993;29;;;;;;;;;9995.0;-12.591796875
1;23200;ASH_COATED_OSMIUM;9996;14;9993;27;;;10005;2;10012;14;10014;27;10000.5;-12.2607421875
1;23300;ASH_COATED_OSMIUM;9996;12;;;;;10012;12;10015;26;;;10004.0;-11.69140625
1;23400;ASH_COATED_OSMIUM;9996;11;;;;;10012;11;;;;;10004.0;-11.984375
1;23500;ASH_COATED_OSMIUM;9996;11;9993;28;;;10012;11;10014;28;;;10004.0;-12.1552734375
1;23600;ASH_COATED_OSMIUM;9996;15;;;;;10012;15;10015;21;;;10004.0;-11.982421875
1;23700;ASH_COATED_OSMIUM;9993;30;;;;;10012;11;;;;;10002.5;-12.2255859375
1;23800;ASH_COATED_OSMIUM;9996;14;;;;;10014;27;;;;;10005.0;-12.462890625
1;23900;ASH_COATED_OSMIUM;9996;15;;;;;10012;15;10015;29;;;10004.0;-11.8623046875
1;24000;ASH_COATED_OSMIUM;9996;12;9993;23;;;;;;;;;9996.0;-12.1005859375
1;24100;ASH_COATED_OSMIUM;9996;12;9993;23;;;10012;12;10014;23;;;10004.0;-12.0927734375
1;24200;ASH_COATED_OSMIUM;9995;11;9993;30;;;10011;11;;;;;10003.0;-12.546875
1;24300;ASH_COATED_OSMIUM;9993;30;;;;;10011;12;10014;30;;;10002.0;-12.62890625
1;24400;ASH_COATED_OSMIUM;9995;14;9993;20;;;10001;9;;;;;9998.0;-12.78515625
1;24500;ASH_COATED_OSMIUM;9995;11;9993;24;;;10011;11;10014;24;;;10003.0;-12.96484375
1;24600;ASH_COATED_OSMIUM;9992;23;;;;;10011;14;10013;23;;;10001.5;-13.181640625
1;24700;ASH_COATED_OSMIUM;9995;12;9992;22;;;10011;12;10013;22;;;10003.0;-13.193359375
1;24800;ASH_COATED_OSMIUM;9995;11;9992;20;;;10011;11;10013;20;;;10003.0;-13.087890625
1;24900;ASH_COATED_OSMIUM;9995;11;9993;28;;;10011;11;10014;28;;;10003.0;-12.7236328125
1;25000;ASH_COATED_OSMIUM;9993;25;;;;;10012;14;;;;;10002.5;-12.2099609375
1;25100;ASH_COATED_OSMIUM;10005;8;9993;30;;;10014;30;;;;;10009.5;-12.4091796875
1;25200;ASH_COATED_OSMIUM;9995;10;9993;24;;;10011;10;;;;;10003.0;-12.6298828125
1;25300;ASH_COATED_OSMIUM;9995;11;;;;;10011;11;10014;28;;;10003.0;-12.9599609375
1;25400;ASH_COATED_OSMIUM;9994;14;;;;;10010;14;10013;28;;;10002.0;-13.6376953125
1;25500;ASH_COATED_OSMIUM;9994;11;9992;22;;;10010;11;10013;22;;;10002.0;-13.81640625
1;25600;ASH_COATED_OSMIUM;9994;14;9992;24;;;10010;14;;;;;10002.0;-13.998046875
1;25700;ASH_COATED_OSMIUM;9994;14;;;;;10010;14;;;;;10002.0;-14.4736328125
1;25800;ASH_COATED_OSMIUM;9991;20;;;;;10012;20;;;;;10001.5;-14.349609375
1;25900;ASH_COATED_OSMIUM;9993;12;9991;30;;;10009;12;;;;;10001.0;-14.650390625
1;26000;ASH_COATED_OSMIUM;9994;13;9991;21;;;;;;;;;9994.0;-14.4970703125
1;26100;ASH_COATED_OSMIUM;9993;10;;;;;10009;10;;;;;10001.0;-15.185546875
1;26200;ASH_COATED_OSMIUM;9993;15;9991;30;;;10009;15;10012;30;;;10001.0;-14.9892578125
1;26300;ASH_COATED_OSMIUM;9999;3;9991;22;;;10009;13;;;;;10004.0;-14.9521484375
1;26400;ASH_COATED_OSMIUM;;;;;;;10009;13;10011;23;;;10009.0;-15.193359375
1;26500;ASH_COATED_OSMIUM;9993;13;;;;;10009;13;10011;27;;;10001.0;-15.197265625
1;26600;ASH_COATED_OSMIUM;9993;12;9990;27;;;10009;12;;;;;10001.0;-15.1220703125
1;26700;ASH_COATED_OSMIUM;9993;10;9991;24;;;10009;10;;;;;10001.0;-14.5693359375
1;26800;ASH_COATED_OSMIUM;9993;15;;;;;9998;8;10011;24;;;9995.5;-15.1787109375
1;26900;ASH_COATED_OSMIUM;9992;10;9990;30;;;10002;2;10008;10;10011;30;9997.0;-15.720703125
1;27000;ASH_COATED_OSMIUM;9993;11;9990;26;;;10009;11;10011;26;;;10001.0;-15.404296875
1;27100;ASH_COATED_OSMIUM;9993;10;9990;21;;;10009;10;;;;;10001.0;-15.1455078125
1;27200;ASH_COATED_OSMIUM;9990;22;;;;;10008;13;10011;22;;;9999.0;-15.83984375
1;27300;ASH_COATED_OSMIUM;9992;10;;;;;10008;10;10010;26;;;10000.0;-16.4580078125
1;27400;ASH_COATED_OSMIUM;9992;15;;;;;10008;15;10010;27;;;10000.0;-16.279296875
1;27500;ASH_COATED_OSMIUM;9989;26;;;;;10007;10;10010;26;;;9998.0;-16.654296875
1;27600;ASH_COATED_OSMIUM;9989;25;;;;;10008;11;10010;25;;;9998.5;-16.4150390625
1;27700;ASH_COATED_OSMIUM;9992;10;9989;22;;;10008;10;10010;22;;;10000.0;-16.3330078125
1;27800;ASH_COATED_OSMIUM;9992;15;9989;22;;;10008;15;10010;22;;;10000.0;-16.1201171875
1;27900;ASH_COATED_OSMIUM;9992;14;9989;22;;;10008;14;10010;22;;;10000.0;-16.2490234375
1;28000;ASH_COATED_OSMIUM;9992;15;9989;26;;;10008;15;10010;26;;;10000.0;-16.080078125
1;28100;ASH_COATED_OSMIUM;9992;11;9990;22;;;10008;11;10011;22;;;10000.0;-15.8017578125
1;28200;ASH_COATED_OSMIUM;9992;11;9990;23;;;10008;11;10011;23;;;10000.0;-15.9189453125
1;28300;ASH_COATED_OSMIUM;9992;13;;;;;10008;13;;;;;10000.0;-16.1298828125
1;28400;ASH_COATED_OSMIUM;9992;10;;;;;10008;10;10010;21;;;10000.0;-16.24609375
1;28500;ASH_COATED_OSMIUM;9992;11;9989;26;;;10001;5;10008;11;;;9996.5;-16.4755859375
1;28600;ASH_COATED_OSMIUM;9991;15;9989;28;;;10007;15;;;;;9999.0;-16.791015625
1;28700;ASH_COATED_OSMIUM;9991;11;9989;27;;;10007;11;10010;27;;;9999.0;-16.8017578125
1;28800;ASH_COATED_OSMIUM;9991;15;9988;30;;;10007;15;;;;;9999.0;-17.17578125
1;28900;ASH_COATED_OSMIUM;9991;14;;;;;10007;14;;;;;9999.0;-17.12109375
1;29000;ASH_COATED_OSMIUM;9991;10;;;;;10007;10;10010;25;;;9999.0;-16.91015625
1;29100;ASH_COATED_OSMIUM;9989;30;;;;;10007;11;10010;30;;;9998.0;-16.8720703125
1;29200;ASH_COATED_OSMIUM;9991;14;9988;20;;;;;;;;;9991.0;-17.0498046875
1;29300;ASH_COATED_OSMIUM;9991;11;9988;21;;;10007;11;10009;21;;;9999.0;-17.3388671875
1;29400;ASH_COATED_OSMIUM;9989;24;;;;;10007;15;10010;24;;;9998.0;-16.9794921875
1;29500;ASH_COATED_OSMIUM;9991;14;9988;23;;;10007;14;10009;23;;;9999.0;-17.01171875
1;29600;ASH_COATED_OSMIUM;9991;10;9988;27;;;10007;10;10009;27;;;9999.0;-17.28125
1;29700;ASH_COATED_OSMIUM;9991;12;9988;29;;;10007;12;;;;;9999.0;-17.017578125
1;29800;ASH_COATED_OSMIUM;9991;15;;;;;10007;15;10010;23;;;9999.0;-16.9501953125
1;29900;ASH_COATED_OSMIUM;9991;12;9989;25;;;10010;25;;;;;10000.5;-16.787109375
1;30000;ASH_COATED_OSMIUM;9991;13;;;;;10007;13;10010;26;;;9999.0;-16.8525390625
1;30100;ASH_COATED_OSMIUM;9989;28;;;;;10007;13;10010;28;;;9998.0;-16.638671875
1;30200;ASH_COATED_OSMIUM;9992;13;9989;24;;;10008;13;10010;24;;;10000.0;-16.4775390625
1;30300;ASH_COATED_OSMIUM;9992;13;;;;;10008;13;10010;23;;;10000.0;-16.17578125
1;30400;ASH_COATED_OSMIUM;9992;15;9990;24;;;10011;24;;;;;10001.5;-15.8984375
1;30500;ASH_COATED_OSMIUM;9989;20;;;;;10008;12;10010;20;;;9998.5;-16.1923828125
1;30600;ASH_COATED_OSMIUM;9992;13;;;;;10008;13;;;;;10000.0;-16.150390625
1;30700;ASH_COATED_OSMIUM;9992;15;9990;24;;;10008;15;10011;24;;;10000.0;-15.654296875
1;30800;ASH_COATED_OSMIUM;9993;13;9990;29;;;10009;13;10011;29;;;10001.0;-15.3173828125
1;30900;ASH_COATED_OSMIUM;9992;14;9990;24;;;10011;24;;;;;10001.5;-15.5546875
1;31000;ASH_COATED_OSMIUM;9992;14;9990;30;;;10008;14;10011;30;;;10000.0;-15.53125
1;31100;ASH_COATED_OSMIUM;9993;13;;;;;10009;13;10011;26;;;10001.0;-15.1162109375
1;31200;ASH_COATED_OSMIUM;9992;15;9990;26;;;10008;15;10011;26;;;10000.0;-15.517578125
1;31300;ASH_COATED_OSMIUM;9993;15;9990;26;;;10009;15;10011;26;;;10001.0;-15.3974609375
1;31400;ASH_COATED_OSMIUM;9992;12;9990;23;;;;;;;;;9992.0;-15.697265625
1;31500;ASH_COATED_OSMIUM;9992;12;9990;26;;;10008;12;10011;26;;;10000.0;-15.8935546875
1;31600;ASH_COATED_OSMIUM;9992;12;9989;20;;;10008;12;10010;20;;;10000.0;-16.3193359375
1;31700;ASH_COATED_OSMIUM;9989;20;;;;;10010;20;;;;;9999.5;-16.419921875
1;31800;ASH_COATED_OSMIUM;;;;;;;10010;29;;;;;10010.0;-16.7861328125
1;31900;ASH_COATED_OSMIUM;9991;10;9989;27;;;10007;10;;;;;9999.0;-16.6025390625
1;32000;ASH_COATED_OSMIUM;9992;11;;;;;10008;11;10010;27;;;10000.0;-16.4228515625
1;32100;ASH_COATED_OSMIUM;9992;13;;;;;10008;13;10010;20;;;10000.0;-16.36328125
1;32200;ASH_COATED_OSMIUM;9992;12;;;;;10008;12;;;;;10000.0;-16.0712890625
1;32300;ASH_COATED_OSMIUM;;;;;;;10008;10;10011;27;;;10008.0;-15.6025390625
1;32400;ASH_COATED_OSMIUM;9993;12;9990;28;;;10009;12;10011;28;;;10001.0;-15.373046875
1;32500;ASH_COATED_OSMIUM;9993;15;9990;29;;;10011;29;;;;;10002.0;-15.4130859375
1;32600;ASH_COATED_OSMIUM;9993;14;9990;23;;;10009;14;10011;23;;;10001.0;-15.2216796875
1;32700;ASH_COATED_OSMIUM;9993;11;9990;21;;;10009;11;;;;;10001.0;-15.3583984375
1;32800;ASH_COATED_OSMIUM;9992;12;;;;;9998;9;10008;12;10011;24;9995.0;-15.5673828125
1;32900;ASH_COATED_OSMIUM;9992;10;9989;28;;;10008;10;10010;28;;;10000.0;-16.033203125
1;33000;ASH_COATED_OSMIUM;9990;22;;;;;10002;5;10008;10;10011;22;9996.0;-15.9130859375
1;33100;ASH_COATED_OSMIUM;9992;10;9990;21;;;10008;10;10011;21;;;10000.0;-15.8759765625
1;33200;ASH_COATED_OSMIUM;9992;12;9990;27;;;10008;12;10011;27;;;10000.0;-15.630859375
1;33300;ASH_COATED_OSMIUM;;;;;;;10009;13;10012;25;;;10009.0;-14.583984375
1;33400;ASH_COATED_OSMIUM;9993;13;9991;20;;;9999;9;10009;13;10012;20;9996.0;-14.748046875
1;33500;ASH_COATED_OSMIUM;9990;25;;;;;;;;;;;9990.0;-15.16796875
1;33600;ASH_COATED_OSMIUM;9993;10;9991;26;;;10009;10;;;;;10001.0;-14.5068359375
1;33700;ASH_COATED_OSMIUM;9994;13;;;;;10010;13;10013;27;;;10002.0;-13.8251953125
1;33800;ASH_COATED_OSMIUM;9994;12;;;;;10010;12;10013;24;;;10002.0;-13.5966796875
1;33900;ASH_COATED_OSMIUM;9994;10;9992;20;;;10010;10;;;;;10002.0;-13.919921875
1;34000;ASH_COATED_OSMIUM;9994;11;9991;25;;;10010;11;10012;25;;;10002.0;-14.09375
1;34100;ASH_COATED_OSMIUM;9994;13;9991;29;;;10010;13;10012;29;;;10002.0;-14.060546875
1;34200;ASH_COATED_OSMIUM;9994;14;9991;21;;;10010;14;10012;21;;;10002.0;-14.2548828125
1;34300;ASH_COATED_OSMIUM;9994;10;;;;;10012;30;;;;;10003.0;-14.4619140625
1;34400;ASH_COATED_OSMIUM;9994;15;;;;;10012;25;;;;;10003.0;-14.203125
1;34500;ASH_COATED_OSMIUM;9994;15;9991;21;;;10010;15;10012;21;;;10002.0;-14.4462890625
1;34600;ASH_COATED_OSMIUM;9991;20;;;;;10012;20;;;;;10001.5;-14.89453125
1;34700;ASH_COATED_OSMIUM;9993;15;;;;;10012;29;;;;;10002.5;-14.625
1;34800;ASH_COATED_OSMIUM;9992;27;;;;;10010;15;10013;27;;;10001.0;-13.9560546875
1;34900;ASH_COATED_OSMIUM;9994;12;9991;26;;;10010;12;10012;26;;;10002.0;-14.267578125
1;35000;ASH_COATED_OSMIUM;9994;13;9992;24;;;10010;13;10013;24;;;10002.0;-13.9921875
1;35100;ASH_COATED_OSMIUM;9994;11;9991;20;;;10010;11;10012;20;;;10002.0;-14.060546875
1;35200;ASH_COATED_OSMIUM;9994;14;9992;20;;;10010;14;10013;20;;;10002.0;-13.962890625
1;35300;ASH_COATED_OSMIUM;9992;30;;;;;10010;15;10013;30;;;10001.0;-13.7666015625
1;35400;ASH_COATED_OSMIUM;9995;12;9992;25;;;10011;12;10013;25;;;10003.0;-13.1689453125
1;35500;ASH_COATED_OSMIUM;9994;13;9992;20;;;10010;13;;;;;10002.0;-13.55859375
1;35600;ASH_COATED_OSMIUM;9994;13;9992;20;;;10010;13;10013;20;;;10002.0;-13.54296875
1;35700;ASH_COATED_OSMIUM;9994;11;9992;22;;;10010;11;10013;22;;;10002.0;-13.6171875
1;35800;ASH_COATED_OSMIUM;9992;26;;;;;10011;10;10013;26;;;10001.5;-13.447265625
1;35900;ASH_COATED_OSMIUM;9994;11;;;;;10010;11;10013;20;;;10002.0;-13.732421875
1;36000;ASH_COATED_OSMIUM;9994;14;9992;24;;;10010;14;10013;24;;;10002.0;-13.56640625
1;36100;ASH_COATED_OSMIUM;9994;15;;;;;10010;15;10013;27;;;10002.0;-13.560546875
1;36200;ASH_COATED_OSMIUM;9994;15;9992;29;;;10010;15;10013;29;;;10002.0;-13.80859375
1;36300;ASH_COATED_OSMIUM;9994;15;9992;20;;;10010;15;10013;20;;;10002.0;-13.794921875
1;36400;ASH_COATED_OSMIUM;9994;12;9992;25;;;10010;12;10013;25;;;10002.0;-13.736328125
1;36500;ASH_COATED_OSMIUM;9992;21;;;;;10010;15;10013;21;;;10001.0;-13.634765625
1;36600;ASH_COATED_OSMIUM;9991;23;;;;;10009;15;;;;;10000.0;-14.6337890625
1;36700;ASH_COATED_OSMIUM;9993;12;9991;27;;;10009;12;;;;;10001.0;-14.8544921875
1;36800;ASH_COATED_OSMIUM;9994;12;9991;21;;;10010;12;;;;;10002.0;-14.42578125
1;36900;ASH_COATED_OSMIUM;9992;23;;;;;;;;;;;9992.0;-13.7783203125
1;37000;ASH_COATED_OSMIUM;9992;28;;;;;10011;11;10013;28;;;10001.5;-13.26953125
1;37100;ASH_COATED_OSMIUM;9994;14;;;;;10010;14;;;;;10002.0;-13.90625
1;37200;ASH_COATED_OSMIUM;9994;15;9992;24;;;10010;15;10013;24;;;10002.0;-13.6865234375
1;37300;ASH_COATED_OSMIUM;9994;11;9991;29;;;10010;11;10012;29;;;10002.0;-14.4658203125
1;37400;ASH_COATED_OSMIUM;9990;20;;;;;10011;20;;;;;10000.5;-15.072265625
1;37500;ASH_COATED_OSMIUM;9993;15;;;;;;;;;;;9993.0;-15.1962890625
1;37600;ASH_COATED_OSMIUM;9990;24;;;;;10009;12;10011;24;;;9999.5;-15.306640625
1;37700;ASH_COATED_OSMIUM;9993;12;9990;21;;;10009;12;;;;;10001.0;-15.189453125
1;37800;ASH_COATED_OSMIUM;10002;8;9993;11;9990;25;10009;11;10011;25;;;10005.5;-15.46875
1;37900;ASH_COATED_OSMIUM;9992;11;9990;27;;;10008;11;10011;27;;;10000.0;-15.666015625
1;38000;ASH_COATED_OSMIUM;9992;13;;;;;10008;13;10011;24;;;10000.0;-15.9609375
1;38100;ASH_COATED_OSMIUM;9992;14;9990;27;;;10008;14;;;;;10000.0;-15.8232421875
1;38200;ASH_COATED_OSMIUM;9992;14;9990;29;;;10011;29;;;;;10001.5;-15.5771484375
1;38300;ASH_COATED_OSMIUM;9992;14;9990;25;;;10008;14;10011;25;;;10000.0;-15.9677734375
1;38400;ASH_COATED_OSMIUM;9992;11;9990;25;;;10008;11;10011;25;;;10000.0;-15.501953125
1;38500;ASH_COATED_OSMIUM;9992;13;9990;22;;;10008;13;10011;22;;;10000.0;-15.681640625
1;38600;ASH_COATED_OSMIUM;9992;10;;;;;10008;10;10011;29;;;10000.0;-15.5615234375
1;38700;ASH_COATED_OSMIUM;9993;10;9990;26;;;10009;10;10011;26;;;10001.0;-15.2587890625
1;38800;ASH_COATED_OSMIUM;9992;15;9989;21;;;10008;15;10010;21;;;10000.0;-16.083984375
1;38900;ASH_COATED_OSMIUM;9992;15;;;;;10008;15;10011;21;;;10000.0;-15.978515625
1;39000;ASH_COATED_OSMIUM;9992;11;9990;29;;;;;;;;;9992.0;-15.78515625
1;39100;ASH_COATED_OSMIUM;9990;21;;;;;10008;10;10011;21;;;9999.0;-15.857421875
1;39200;ASH_COATED_OSMIUM;9992;13;9989;21;;;10008;13;10010;21;;;10000.0;-16.3271484375
1;39300;ASH_COATED_OSMIUM;9992;12;9989;21;;;10008;12;10010;21;;;10000.0;-16.4853515625
1;39400;ASH_COATED_OSMIUM;9991;14;9989;25;;;10007;14;10010;25;;;9999.0;-16.587890625
1;39500;ASH_COATED_OSMIUM;9991;13;;;;;;;;;;;9991.0;-16.5771484375
1;39600;ASH_COATED_OSMIUM;9992;14;;;;;10008;14;10010;28;;;10000.0;-16.4033203125
1;39700;ASH_COATED_OSMIUM;9991;14;9989;20;;;10010;20;;;;;10000.5;-16.62890625
1;39800;ASH_COATED_OSMIUM;9991;10;9989;26;;;10007;10;10010;26;;;9999.0;-16.6318359375
1;39900;ASH_COATED_OSMIUM;9989;24;;;;;10008;10;10010;24;;;9998.5;-16.4892578125
1;40000;ASH_COATED_OSMIUM;9991;15;9989;29;;;10007;15;10010;29;;;9999.0;-16.5166015625
1;40100;ASH_COATED_OSMIUM;9992;14;9989;30;;;10008;14;10010;30;;;10000.0;-16.05859375
1;40200;ASH_COATED_OSMIUM;9992;13;9990;20;;;10008;13;10011;20;;;10000.0;-15.8271484375
1;40300;ASH_COATED_OSMIUM;9993;10;;;;;10011;30;;;;;10002.0;-15.4716796875
1;40400;ASH_COATED_OSMIUM;9992;10;9990;22;;;10008;10;10011;22;;;10000.0;-15.625
1;40500;ASH_COATED_OSMIUM;9990;20;;;;;10008;14;10011;20;;;9999.0;-15.833984375
1;40600;ASH_COATED_OSMIUM;9992;15;9990;27;;;10008;15;10011;27;;;10000.0;-15.935546875
1;40700;ASH_COATED_OSMIUM;9992;10;9990;20;;;10008;10;;;;;10000.0;-15.7744140625
1;40800;ASH_COATED_OSMIUM;9990;24;;;;;10009;12;10011;24;;;9999.5;-15.271484375
1;40900;ASH_COATED_OSMIUM;9993;10;9990;20;;;10009;10;10011;20;;;10001.0;-15.3779296875
1;41000;ASH_COATED_OSMIUM;9993;13;9990;27;;;10009;13;10011;27;;;10001.0;-15.18359375
1;41100;ASH_COATED_OSMIUM;9993;13;9990;21;;;10009;13;10011;21;;;10001.0;-15.314453125
1;41200;ASH_COATED_OSMIUM;9993;15;;;;;10012;26;;;;;10002.5;-15.0
1;41300;ASH_COATED_OSMIUM;9993;10;;;;;10009;10;10012;27;;;10001.0;-14.857421875
1;41400;ASH_COATED_OSMIUM;9991;26;;;;;10009;15;;;;;10000.0;-14.912109375
1;41500;ASH_COATED_OSMIUM;9993;12;9991;20;;;10009;12;10012;20;;;10001.0;-14.9033203125
1;41600;ASH_COATED_OSMIUM;9993;10;9991;29;;;10009;10;10012;29;;;10001.0;-14.568359375
1;41700;ASH_COATED_OSMIUM;9994;12;;;;;10010;12;10012;22;;;10002.0;-14.294921875
1;41800;ASH_COATED_OSMIUM;9994;12;9991;22;;;10010;12;10012;22;;;10002.0;-14.361328125
1;41900;ASH_COATED_OSMIUM;9994;12;9992;24;;;10010;12;10013;24;;;10002.0;-13.95703125
1;42000;ASH_COATED_OSMIUM;9991;28;;;;;10009;10;10012;28;;;10000.0;-14.6103515625
1;42100;ASH_COATED_OSMIUM;9994;12;9991;23;;;10010;12;10012;23;;;10002.0;-14.23828125
1;42200;ASH_COATED_OSMIUM;9994;12;9991;20;;;10010;12;10012;20;;;10002.0;-14.3544921875
1;42300;ASH_COATED_OSMIUM;9994;13;9991;21;;;10010;13;;;;;10002.0;-14.291015625
1;42400;ASH_COATED_OSMIUM;9994;12;9992;29;;;10010;12;10013;29;;;10002.0;-13.9462890625
1;42500;ASH_COATED_OSMIUM;9999;4;9994;11;;;10010;11;10012;28;;;10004.5;-14.259765625
1;42600;ASH_COATED_OSMIUM;9994;15;9992;27;;;10010;15;10013;27;;;10002.0;-13.9716796875
1;42700;ASH_COATED_OSMIUM;9994;12;9991;25;;;10010;12;10012;25;;;10002.0;-14.13671875
1;42800;ASH_COATED_OSMIUM;9994;15;9991;24;;;10010;15;10012;24;;;10002.0;-14.4775390625
1;42900;ASH_COATED_OSMIUM;9991;23;;;;;10009;11;10012;23;;;10000.0;-14.869140625
1;43000;ASH_COATED_OSMIUM;9993;12;9991;29;;;10003;3;10009;12;;;9998.0;-14.98046875
1;43100;ASH_COATED_OSMIUM;9991;22;;;;;10009;14;10012;22;;;10000.0;-14.8271484375
1;43200;ASH_COATED_OSMIUM;9993;10;9991;25;;;10012;25;;;;;10002.5;-14.99609375
1;43300;ASH_COATED_OSMIUM;9993;12;;;;;10009;12;;;;;10001.0;-15.310546875
1;43400;ASH_COATED_OSMIUM;9993;13;9990;27;;;10009;13;10011;27;;;10001.0;-15.3125
1;43500;ASH_COATED_OSMIUM;9992;12;9990;23;;;10008;12;10011;23;;;10000.0;-15.712890625
1;43600;ASH_COATED_OSMIUM;;;;;;;10008;14;10010;27;;;10008.0;-16.0458984375
1;43700;ASH_COATED_OSMIUM;9992;10;9990;26;;;10008;10;10011;26;;;10000.0;-15.85546875
1;43800;ASH_COATED_OSMIUM;9992;11;9990;30;;;10008;11;10011;30;;;10000.0;-15.6337890625
1;43900;ASH_COATED_OSMIUM;9993;13;9990;26;;;10009;13;10011;26;;;10001.0;-15.2099609375
1;44000;ASH_COATED_OSMIUM;9990;22;;;;;;;;;;;9990.0;-15.033203125
1;44100;ASH_COATED_OSMIUM;9993;11;9991;28;;;10009;11;10012;28;;;10001.0;-14.791015625
1;44200;ASH_COATED_OSMIUM;9994;12;;;;;10000;8;10010;12;10013;22;9997.0;-13.9501953125
1;44300;ASH_COATED_OSMIUM;9994;10;9992;25;;;10010;10;10013;25;;;10002.0;-13.533203125
1;44400;ASH_COATED_OSMIUM;9994;11;9991;27;;;;;;;;;9994.0;-14.1455078125
1;44500;ASH_COATED_OSMIUM;9994;10;9991;30;;;10010;10;10012;30;;;10002.0;-14.115234375
1;44600;ASH_COATED_OSMIUM;9993;12;;;;;10012;26;;;;;10002.5;-14.7216796875
1;44700;ASH_COATED_OSMIUM;9994;12;9991;28;;;10012;28;;;;;10003.0;-14.2490234375
1;44800;ASH_COATED_OSMIUM;9994;14;9991;21;;;9999;8;10010;14;10012;21;9996.5;-14.3466796875
1;44900;ASH_COATED_OSMIUM;9994;14;9991;24;;;10010;14;10012;24;;;10002.0;-14.2470703125
1;45000;ASH_COATED_OSMIUM;9994;15;9991;21;;;10010;15;10012;21;;;10002.0;-14.10546875
1;45100;ASH_COATED_OSMIUM;9992;22;;;;;10010;13;10013;22;;;10001.0;-13.546875
1;45200;ASH_COATED_OSMIUM;9995;10;9993;29;;;10001;6;10011;10;10014;29;9998.0;-12.94140625
1;45300;ASH_COATED_OSMIUM;9995;11;9992;28;;;10013;28;;;;;10004.0;-13.0498046875
1;45400;ASH_COATED_OSMIUM;9995;12;9992;22;;;10013;22;;;;;10004.0;-13.02734375
1;45500;ASH_COATED_OSMIUM;9995;11;9992;28;;;10013;28;;;;;10004.0;-13.111328125
1;45600;ASH_COATED_OSMIUM;9994;14;9992;25;;;10010;14;10013;25;;;10002.0;-13.5556640625
1;45700;ASH_COATED_OSMIUM;9994;12;9992;28;;;10010;12;10013;28;;;10002.0;-13.8349609375
1;45800;ASH_COATED_OSMIUM;9994;14;;;;;10013;23;;;;;10003.5;-13.775390625
1;45900;ASH_COATED_OSMIUM;9992;26;;;;;10010;14;;;;;10001.0;-13.6123046875
1;46000;ASH_COATED_OSMIUM;9995;11;9992;29;;;10011;11;10013;29;;;10003.0;-13.33203125
1;46100;ASH_COATED_OSMIUM;9995;10;9992;25;;;10011;10;10013;25;;;10003.0;-13.3720703125
1;46200;ASH_COATED_OSMIUM;9995;10;;;;;;;;;;;9995.0;-13.1611328125
1;46300;ASH_COATED_OSMIUM;9994;11;9992;27;;;10004;2;10010;11;10013;27;9999.0;-13.720703125
1;46400;ASH_COATED_OSMIUM;9994;15;9992;23;;;10010;15;10013;23;;;10002.0;-13.8291015625
1;46500;ASH_COATED_OSMIUM;10004;9;9994;13;9992;20;10010;13;10013;20;;;10007.0;-13.6142578125
1;46600;ASH_COATED_OSMIUM;9995;11;9992;21;;;10011;11;10013;21;;;10003.0;-13.19921875
1;46700;ASH_COATED_OSMIUM;9992;27;;;;;10010;14;10013;27;;;10001.0;-13.5830078125
1;46800;ASH_COATED_OSMIUM;9994;13;9992;28;;;10013;28;;;;;10003.5;-13.7216796875
1;46900;ASH_COATED_OSMIUM;9994;14;9991;24;;;10010;14;;;;;10002.0;-14.2373046875
1;47000;ASH_COATED_OSMIUM;9993;15;;;;;10003;2;10009;15;10012;26;9998.0;-14.6181640625
1;47100;ASH_COATED_OSMIUM;9999;3;9994;15;9991;28;10010;15;10012;28;;;10004.5;-14.228515625
1;47200;ASH_COATED_OSMIUM;9994;10;9991;23;;;10012;23;;;;;10003.0;-14.23828125
1;47300;ASH_COATED_OSMIUM;9999;3;9994;15;;;;;;;;;9999.0;-14.236328125
1;47400;ASH_COATED_OSMIUM;9994;11;9992;28;;;10010;11;10013;28;;;10002.0;-13.923828125
1;47500;ASH_COATED_OSMIUM;9994;11;9991;21;;;10010;11;10012;21;;;10002.0;-14.1533203125
1;47600;ASH_COATED_OSMIUM;9993;13;9991;29;;;10009;13;10012;29;;;10001.0;-14.84375
1;47700;ASH_COATED_OSMIUM;9993;10;9991;23;;;10009;10;10012;23;;;10001.0;-14.8603515625
1;47800;ASH_COATED_OSMIUM;9993;15;9991;27;;;10009;15;10012;27;;;10001.0;-14.7783203125
1;47900;ASH_COATED_OSMIUM;9994;13;9991;24;;;10010;13;10012;24;;;10002.0;-14.423828125
1;48000;ASH_COATED_OSMIUM;9995;13;9992;28;;;10013;28;;;;;10004.0;-13.4892578125
1;48100;ASH_COATED_OSMIUM;9992;21;;;;;10011;10;;;;;10001.5;-13.0791015625
1;48200;ASH_COATED_OSMIUM;9995;12;9992;25;;;10011;12;10013;25;;;10003.0;-13.13671875
1;48300;ASH_COATED_OSMIUM;9995;11;;;;;10011;11;10014;24;;;10003.0;-12.9287109375
1;48400;ASH_COATED_OSMIUM;9995;13;9992;23;;;10011;13;10013;23;;;10003.0;-13.267578125
1;48500;ASH_COATED_OSMIUM;9994;15;;;;;10010;15;10012;29;;;10002.0;-14.0791015625
1;48600;ASH_COATED_OSMIUM;9994;10;;;;;10010;10;;;;;10002.0;-13.5078125
1;48700;ASH_COATED_OSMIUM;9994;11;9992;27;;;10010;11;10013;27;;;10002.0;-13.890625
1;48800;ASH_COATED_OSMIUM;9994;14;9991;21;;;;;;;;;9994.0;-14.46875
1;48900;ASH_COATED_OSMIUM;9993;11;9991;24;;;10009;11;10012;24;;;10001.0;-14.61328125
1;49000;ASH_COATED_OSMIUM;9993;13;9990;22;;;;;;;;;9993.0;-15.1142578125
1;49100;ASH_COATED_OSMIUM;9990;30;;;;;10009;13;10011;30;;;9999.5;-15.013671875
1;49200;ASH_COATED_OSMIUM;9994;15;9991;29;;;10010;15;;;;;10002.0;-14.4375
1;49300;ASH_COATED_OSMIUM;9994;12;9991;30;;;10010;12;10012;30;;;10002.0;-14.25390625
1;49400;ASH_COATED_OSMIUM;9994;15;;;;;10010;15;10013;21;;;10002.0;-13.8642578125
1;49500;ASH_COATED_OSMIUM;9992;21;;;;;10011;10;10013;21;;;10001.5;-13.451171875
1;49600;ASH_COATED_OSMIUM;9992;21;;;;;10010;10;10013;21;;;10001.0;-13.6298828125
1;49700;ASH_COATED_OSMIUM;9994;14;;;;;10010;14;10013;29;;;10002.0;-13.7880859375
1;49800;ASH_COATED_OSMIUM;9994;12;9992;21;;;10010;12;10013;21;;;10002.0;-13.8525390625
1;49900;ASH_COATED_OSMIUM;9994;10;9991;27;;;10012;27;;;;;10003.0;-14.0390625
1;50000;ASH_COATED_OSMIUM;9994;15;;;;;10010;15;;;;;10002.0;-13.791015625
1;50100;ASH_COATED_OSMIUM;9994;10;;;;;10010;10;10013;24;;;10002.0;-13.7021484375
1;50200;ASH_COATED_OSMIUM;9992;25;;;;;10010;10;10013;25;;;10001.0;-13.8349609375
1;50300;ASH_COATED_OSMIUM;9992;25;;;;;10011;15;;;;;10001.5;-13.365234375
1;50400;ASH_COATED_OSMIUM;;;;;;;10011;13;;;;;10011.0;-13.4990234375
1;50500;ASH_COATED_OSMIUM;9992;20;;;;;10011;10;10013;20;;;10001.5;-13.126953125
1;50600;ASH_COATED_OSMIUM;9995;14;9992;23;;;;;;;;;9995.0;-13.013671875
1;50700;ASH_COATED_OSMIUM;9993;21;;;;;10011;11;10014;21;;;10002.0;-12.9384765625
1;50800;ASH_COATED_OSMIUM;9992;29;;;;;10011;15;10014;29;;;10001.5;-13.001953125
1;50900;ASH_COATED_OSMIUM;9995;14;;;;;10011;14;10014;22;;;10003.0;-12.705078125
1;51000;ASH_COATED_OSMIUM;10001;3;9996;11;9993;30;10012;11;10014;30;;;10006.5;-12.3896484375
1;51100;ASH_COATED_OSMIUM;9996;11;;;;;;;;;;;9996.0;-12.458984375
1;51200;ASH_COATED_OSMIUM;9996;12;9993;30;;;10012;12;10014;30;;;10004.0;-12.482421875
1;51300;ASH_COATED_OSMIUM;9995;14;9993;28;;;;;;;;;9995.0;-12.5908203125
1;51400;ASH_COATED_OSMIUM;10001;4;;;;;10012;11;10014;26;;;10006.5;-12.3623046875
1;51500;ASH_COATED_OSMIUM;9996;15;;;;;10012;15;10014;20;;;10004.0;-12.3447265625
1;51600;ASH_COATED_OSMIUM;9995;11;9993;23;;;10011;11;10014;23;;;10003.0;-12.53515625
1;51700;ASH_COATED_OSMIUM;9996;13;9993;26;;;10012;13;10014;26;;;10004.0;-12.18359375
1;51800;ASH_COATED_OSMIUM;9996;14;9993;30;;;10012;14;10014;30;;;10004.0;-12.2177734375
1;51900;ASH_COATED_OSMIUM;9995;15;9993;30;;;10011;15;10014;30;;;10003.0;-12.63671875
1;52000;ASH_COATED_OSMIUM;9995;10;9993;30;;;10011;10;10014;30;;;10003.0;-12.83203125
1;52100;ASH_COATED_OSMIUM;9992;24;;;;;10011;15;10013;24;;;10001.5;-13.0537109375
1;52200;ASH_COATED_OSMIUM;9993;20;;;;;10011;13;10014;20;;;10002.0;-12.982421875
1;52300;ASH_COATED_OSMIUM;9995;10;9992;23;;;10011;10;10013;23;;;10003.0;-13.2490234375
1;52400;ASH_COATED_OSMIUM;9992;26;;;;;10011;12;10013;26;;;10001.5;-13.279296875
1;52500;ASH_COATED_OSMIUM;9995;12;9992;26;;;10011;12;;;;;10003.0;-13.4033203125
1;52600;ASH_COATED_OSMIUM;9994;13;9992;27;;;10010;13;10013;27;;;10002.0;-13.7890625
1;52700;ASH_COATED_OSMIUM;9994;12;9992;26;;;10010;12;10013;26;;;10002.0;-13.66015625
1;52800;ASH_COATED_OSMIUM;9995;10;;;;;10013;30;;;;;10004.0;-13.3408203125
1;52900;ASH_COATED_OSMIUM;9995;11;9992;29;;;10011;11;10013;29;;;10003.0;-13.2919921875
1;53000;ASH_COATED_OSMIUM;;;;;;;10011;14;10013;30;;;10011.0;-13.0224609375
1;53100;ASH_COATED_OSMIUM;9993;28;;;;;10011;10;;;;;10002.0;-12.9931640625
1;53200;ASH_COATED_OSMIUM;9995;10;;;;;10011;10;;;;;10003.0;-12.5458984375
1;53300;ASH_COATED_OSMIUM;9996;13;9993;30;;;10012;13;;;;;10004.0;-12.203125
1;53400;ASH_COATED_OSMIUM;9996;10;;;;;10014;21;;;;;10005.0;-12.0703125
1;53500;ASH_COATED_OSMIUM;9995;10;9993;23;;;10011;10;;;;;10003.0;-12.5224609375
1;53600;ASH_COATED_OSMIUM;9995;12;9992;28;;;10011;12;;;;;10003.0;-13.041015625
1;53700;ASH_COATED_OSMIUM;9995;11;9993;26;;;10011;11;10014;26;;;10003.0;-12.9453125
1;53800;ASH_COATED_OSMIUM;9993;24;;;;;10001;8;10011;11;10014;24;9997.0;-12.7587890625
1;53900;ASH_COATED_OSMIUM;9996;11;9993;25;;;10012;11;10014;25;;;10004.0;-12.2294921875
1;54000;ASH_COATED_OSMIUM;9996;15;9993;25;;;10012;15;10014;25;;;10004.0;-12.1318359375
1;54100;ASH_COATED_OSMIUM;9996;13;9993;21;;;10012;13;10014;21;;;10004.0;-12.390625
1;54200;ASH_COATED_OSMIUM;9995;14;9993;30;;;10014;30;;;;;10004.5;-12.5322265625
1;54300;ASH_COATED_OSMIUM;9995;15;9993;24;;;10011;15;10014;24;;;10003.0;-12.6806640625
1;54400;ASH_COATED_OSMIUM;9995;10;9993;30;;;10011;10;10014;30;;;10003.0;-12.7919921875
1;54500;ASH_COATED_OSMIUM;9995;11;;;;;10013;23;;;;;10004.0;-13.1162109375
1;54600;ASH_COATED_OSMIUM;9992;29;;;;;10011;12;10013;29;;;10001.5;-13.076171875
1;54700;ASH_COATED_OSMIUM;9995;14;9993;30;;;10011;14;10014;30;;;10003.0;-12.9228515625
1;54800;ASH_COATED_OSMIUM;9995;12;9993;25;;;10011;12;;;;;10003.0;-12.8154296875
1;54900;ASH_COATED_OSMIUM;9996;15;9993;30;;;10014;30;;;;;10005.0;-12.40625
1;55000;ASH_COATED_OSMIUM;9996;10;9993;29;;;10012;10;10014;29;;;10004.0;-12.2099609375
1;55100;ASH_COATED_OSMIUM;9996;11;9993;27;;;10012;11;10014;27;;;10004.0;-12.1748046875
1;55200;ASH_COATED_OSMIUM;9995;11;9993;23;;;10011;11;10014;23;;;10003.0;-12.71484375
1;55300;ASH_COATED_OSMIUM;9993;30;;;;;10011;10;10014;30;;;10002.0;-12.9755859375
1;55400;ASH_COATED_OSMIUM;9995;14;;;;;;;;;;;9995.0;-12.578125
1;55500;ASH_COATED_OSMIUM;9992;23;;;;;10011;13;10013;23;;;10001.5;-13.1572265625
1;55600;ASH_COATED_OSMIUM;9995;14;9993;23;;;10011;14;10014;23;;;10003.0;-12.92578125
1;55700;ASH_COATED_OSMIUM;;;;;;;10014;20;;;;;10014.0;-12.892578125
1;55800;ASH_COATED_OSMIUM;9995;11;9993;30;;;10011;11;10014;30;;;10003.0;-12.5595703125
1;55900;ASH_COATED_OSMIUM;9996;15;9993;22;;;10012;15;;;;;10004.0;-12.224609375
1;56000;ASH_COATED_OSMIUM;9996;15;;;;;10012;15;10015;23;;;10004.0;-11.96875
1;56100;ASH_COATED_OSMIUM;9996;14;9994;24;;;10012;14;10015;24;;;10004.0;-11.7421875
1;56200;ASH_COATED_OSMIUM;9994;24;;;;;10013;13;;;;;10003.5;-11.337890625
1;56300;ASH_COATED_OSMIUM;9997;13;9995;22;;;10013;13;10016;22;;;10005.0;-10.787109375
1;56400;ASH_COATED_OSMIUM;9998;11;9995;24;;;10007;3;10014;11;;;10002.5;-10.333984375
1;56500;ASH_COATED_OSMIUM;9998;10;9995;24;;;10007;4;10014;10;10016;24;10002.5;-10.287109375
1;56600;ASH_COATED_OSMIUM;9998;15;9995;29;;;10014;15;10016;29;;;10006.0;-10.166015625
1;56700;ASH_COATED_OSMIUM;9998;10;;;;;10014;10;10017;20;;;10006.0;-9.9228515625
1;56800;ASH_COATED_OSMIUM;9998;12;9995;28;;;10014;12;10016;28;;;10006.0;-10.0283203125
1;56900;ASH_COATED_OSMIUM;9998;10;9995;20;;;10014;10;10016;20;;;10006.0;-10.0439453125
1;57000;ASH_COATED_OSMIUM;9998;12;9995;30;;;10014;12;10016;30;;;10006.0;-10.4931640625
1;57100;ASH_COATED_OSMIUM;9997;14;9995;24;;;10016;24;;;;;10006.5;-10.6513671875
1;57200;ASH_COATED_OSMIUM;9997;11;9995;25;;;10016;25;;;;;10006.5;-10.671875
1;57300;ASH_COATED_OSMIUM;9995;28;;;;;10007;3;10013;11;10016;28;10001.0;-10.8759765625
1;57400;ASH_COATED_OSMIUM;9997;15;9995;25;;;10013;15;10016;25;;;10005.0;-10.548828125
1;57500;ASH_COATED_OSMIUM;9997;12;;;;;10013;12;10016;27;;;10005.0;-10.8330078125
1;57600;ASH_COATED_OSMIUM;9998;14;;;;;10014;14;10016;22;;;10006.0;-10.2822265625
1;57700;ASH_COATED_OSMIUM;9997;10;9995;30;;;10016;30;;;;;10006.5;-10.8271484375
1;57800;ASH_COATED_OSMIUM;9997;13;9994;27;;;10013;13;10015;27;;;10005.0;-11.103515625
1;57900;ASH_COATED_OSMIUM;9997;15;9994;27;;;10013;15;10015;27;;;10005.0;-11.48046875
1;58000;ASH_COATED_OSMIUM;9996;14;9993;27;;;10012;14;10014;27;;;10004.0;-12.03515625
1;58100;ASH_COATED_OSMIUM;9994;20;;;;;10002;9;10012;14;;;9998.0;-11.9814453125
1;58200;ASH_COATED_OSMIUM;9997;10;9994;27;;;10013;10;10015;27;;;10005.0;-11.240234375
1;58300;ASH_COATED_OSMIUM;9997;15;9994;29;;;10015;29;;;;;10006.0;-11.232421875
1;58400;ASH_COATED_OSMIUM;9997;11;9995;23;;;10013;11;10016;23;;;10005.0;-10.8740234375
1;58500;ASH_COATED_OSMIUM;9997;15;9995;26;;;10013;15;;;;;10005.0;-10.6689453125
1;58600;ASH_COATED_OSMIUM;9997;12;9994;25;;;10013;12;10016;25;;;10005.0;-11.0048828125
1;58700;ASH_COATED_OSMIUM;9995;29;;;;;10013;12;10016;29;;;10004.0;-10.62109375
1;58800;ASH_COATED_OSMIUM;9997;15;9995;28;;;10013;15;10016;28;;;10005.0;-10.7216796875
1;58900;ASH_COATED_OSMIUM;9997;14;9995;24;;;10016;24;;;;;10006.5;-10.615234375
1;59000;ASH_COATED_OSMIUM;9998;10;9996;21;;;10017;21;;;;;10007.5;-9.8046875
1;59100;ASH_COATED_OSMIUM;9998;10;9995;28;;;10014;10;10016;28;;;10006.0;-10.0888671875
1;59200;ASH_COATED_OSMIUM;10004;5;9998;12;;;10014;12;;;;;10009.0;-9.62109375
1;59300;ASH_COATED_OSMIUM;9996;24;;;;;10015;15;;;;;10005.5;-9.2099609375
1;59400;ASH_COATED_OSMIUM;9998;10;9996;27;;;10014;10;10017;27;;;10006.0;-9.7587890625
1;59500;ASH_COATED_OSMIUM;9996;22;;;;;10015;14;10017;22;;;10005.5;-9.373046875
1;59600;ASH_COATED_OSMIUM;9999;12;9996;26;;;;;;;;;9999.0;-9.1640625
1;59700;ASH_COATED_OSMIUM;9999;11;9997;24;;;10009;3;10015;11;10018;24;10004.0;-8.8583984375
1;59800;ASH_COATED_OSMIUM;9999;12;9997;29;;;10015;12;;;;;10007.0;-8.9013671875
1;59900;ASH_COATED_OSMIUM;9999;14;9996;23;;;10015;14;10017;23;;;10007.0;-9.0634765625
1;60000;ASH_COATED_OSMIUM;9999;14;9996;29;;;10015;14;10017;29;;;10007.0;-9.048828125
1;60100;ASH_COATED_OSMIUM;9998;11;9996;21;;;10014;11;10017;21;;;10006.0;-9.5517578125
1;60200;ASH_COATED_OSMIUM;9996;24;;;;;10014;13;10017;24;;;10005.0;-9.6796875
1;60300;ASH_COATED_OSMIUM;9996;21;;;;;10004;9;10014;13;10017;21;10000.0;-9.7705078125
1;60400;ASH_COATED_OSMIUM;9996;26;;;;;10014;13;10017;26;;;10005.0;-9.767578125
1;60500;ASH_COATED_OSMIUM;9998;13;9996;29;;;10014;13;10017;29;;;10006.0;-9.72265625
1;60600;ASH_COATED_OSMIUM;9999;11;9996;26;;;10015;11;10017;26;;;10007.0;-9.392578125
1;60700;ASH_COATED_OSMIUM;9999;14;9996;23;;;10015;14;10017;23;;;10007.0;-9.0478515625
1;60800;ASH_COATED_OSMIUM;;;;;;;10015;15;10017;23;;;10015.0;-9.0185546875
1;60900;ASH_COATED_OSMIUM;9999;12;9997;30;;;10015;12;10018;30;;;10007.0;-8.8701171875
1;61000;ASH_COATED_OSMIUM;9999;15;9997;26;;;10015;15;;;;;10007.0;-8.9697265625
1;61100;ASH_COATED_OSMIUM;9996;30;;;;;10015;13;10017;30;;;10005.5;-9.2041015625
1;61200;ASH_COATED_OSMIUM;9996;27;;;;;10015;11;10017;27;;;10005.5;-9.482421875
1;61300;ASH_COATED_OSMIUM;9999;11;9996;30;;;10017;30;;;;;10008.0;-9.1083984375
1;61400;ASH_COATED_OSMIUM;9999;15;;;;;10015;15;10017;23;;;10007.0;-9.103515625
1;61500;ASH_COATED_OSMIUM;9996;30;;;;;10015;14;10017;30;;;10005.5;-9.4228515625
1;61600;ASH_COATED_OSMIUM;9996;21;;;;;10015;13;;;;;10005.5;-9.453125
1;61700;ASH_COATED_OSMIUM;9999;11;9996;29;;;10015;11;10017;29;;;10007.0;-9.1845703125
1;61800;ASH_COATED_OSMIUM;9996;27;;;;;10015;12;10017;27;;;10005.5;-9.4638671875
1;61900;ASH_COATED_OSMIUM;9999;10;9996;21;;;10015;10;10017;21;;;10007.0;-9.345703125
1;62000;ASH_COATED_OSMIUM;9996;21;;;;;10014;13;10017;21;;;10005.0;-9.859375
1;62100;ASH_COATED_OSMIUM;9998;12;9995;24;;;10014;12;10016;24;;;10006.0;-10.12890625
1;62200;ASH_COATED_OSMIUM;9998;10;9996;29;;;10017;29;;;;;10007.5;-9.9638671875
1;62300;ASH_COATED_OSMIUM;9998;14;9995;21;;;10014;14;10016;21;;;10006.0;-10.2626953125
1;62400;ASH_COATED_OSMIUM;9998;13;9996;30;;;10014;13;10017;30;;;10006.0;-9.8984375
1;62500;ASH_COATED_OSMIUM;9995;24;;;;;10014;14;10016;24;;;10004.5;-10.060546875
1;62600;ASH_COATED_OSMIUM;9997;15;9995;25;;;10013;15;10016;25;;;10005.0;-10.783203125
1;62700;ASH_COATED_OSMIUM;9997;15;9995;24;;;10013;15;;;;;10005.0;-10.740234375
1;62800;ASH_COATED_OSMIUM;9995;24;;;;;10014;10;10016;24;;;10004.5;-10.2314453125
1;62900;ASH_COATED_OSMIUM;9998;13;9996;30;;;10014;13;10017;30;;;10006.0;-9.60546875
1;63000;ASH_COATED_OSMIUM;9999;10;;;;;10015;10;10017;24;;;10007.0;-9.3525390625
1;63100;ASH_COATED_OSMIUM;9999;14;;;;;10015;14;10017;23;;;10007.0;-9.201171875
1;63200;ASH_COATED_OSMIUM;9999;10;9996;20;;;10015;10;10017;20;;;10007.0;-9.13671875
1;63300;ASH_COATED_OSMIUM;9999;14;9996;24;;;10015;14;10017;24;;;10007.0;-9.3876953125
1;63400;ASH_COATED_OSMIUM;9999;10;9996;24;;;10017;24;;;;;10008.0;-9.41796875
1;63500;ASH_COATED_OSMIUM;9999;10;9996;23;;;10015;10;10017;23;;;10007.0;-9.4169921875
1;63600;ASH_COATED_OSMIUM;9999;11;9996;26;;;10015;11;10017;26;;;10007.0;-9.2744140625
1;63700;ASH_COATED_OSMIUM;9998;14;9996;26;;;10014;14;;;;;10006.0;-9.51953125
1;63800;ASH_COATED_OSMIUM;9998;10;9996;20;;;10014;10;10017;20;;;10006.0;-9.55078125
1;63900;ASH_COATED_OSMIUM;9998;12;9996;21;;;10014;12;10017;21;;;10006.0;-9.859375
1;64000;ASH_COATED_OSMIUM;9998;11;9995;25;;;10016;25;;;;;10007.0;-10.23828125
1;64100;ASH_COATED_OSMIUM;9998;11;9995;26;;;10014;11;10016;26;;;10006.0;-10.3974609375
1;64200;ASH_COATED_OSMIUM;9995;30;;;;;10013;11;10016;30;;;10004.0;-10.81640625
1;64300;ASH_COATED_OSMIUM;9997;11;9995;20;;;10013;11;;;;;10005.0;-10.6474609375
1;64400;ASH_COATED_OSMIUM;;;;;;;10013;14;10016;21;;;10013.0;-10.6455078125
1;64500;ASH_COATED_OSMIUM;9997;13;9995;28;;;10013;13;10016;28;;;10005.0;-10.8369140625
1;64600;ASH_COATED_OSMIUM;9995;26;;;;;10013;10;10016;26;;;10004.0;-10.6044921875
1;64700;ASH_COATED_OSMIUM;9998;10;;;;;10014;10;10016;28;;;10006.0;-10.138671875
1;64800;ASH_COATED_OSMIUM;9998;15;9995;25;;;10014;15;10016;25;;;10006.0;-10.015625
1;64900;ASH_COATED_OSMIUM;9997;13;9995;29;;;10013;13;10016;29;;;10005.0;-10.8837890625
1;65000;ASH_COATED_OSMIUM;9997;15;9995;25;;;10013;15;10016;25;;;10005.0;-10.9892578125
1;65100;ASH_COATED_OSMIUM;9997;13;;;;;10013;13;10015;25;;;10005.0;-11.228515625
1;65200;ASH_COATED_OSMIUM;9997;12;9994;23;;;10013;12;10016;23;;;10005.0;-11.001953125
1;65300;ASH_COATED_OSMIUM;9994;21;;;;;10013;11;10015;21;;;10003.5;-11.22265625
1;65400;ASH_COATED_OSMIUM;;;;;;;10016;23;;;;;10016.0;-10.9873046875
1;65500;ASH_COATED_OSMIUM;9997;11;9995;24;;;10003;8;10016;24;;;10000.0;-10.8388671875
1;65600;ASH_COATED_OSMIUM;9998;11;9995;26;;;10014;11;10016;26;;;10006.0;-10.259765625
1;65700;ASH_COATED_OSMIUM;9998;14;9995;26;;;10014;14;10016;26;;;10006.0;-10.296875
1;65800;ASH_COATED_OSMIUM;9998;11;9995;24;;;10016;24;;;;;10007.0;-10.4912109375
1;65900;ASH_COATED_OSMIUM;9998;10;9995;29;;;10014;10;10016;29;;;10006.0;-10.3251953125
1;66000;ASH_COATED_OSMIUM;9998;13;9995;23;;;10014;13;10016;23;;;10006.0;-10.2587890625
1;66100;ASH_COATED_OSMIUM;9998;12;9996;29;;;10014;12;10017;29;;;10006.0;-9.982421875
1;66200;ASH_COATED_OSMIUM;9998;10;9995;26;;;10014;10;10016;26;;;10006.0;-10.06640625
1;66300;ASH_COATED_OSMIUM;9998;11;9996;22;;;10014;11;10017;22;;;10006.0;-9.58984375
1;66400;ASH_COATED_OSMIUM;9998;14;9995;24;;;10014;14;10016;24;;;10006.0;-10.2568359375
1;66500;ASH_COATED_OSMIUM;9998;15;9995;30;;;10014;15;10016;30;;;10006.0;-10.2626953125
1;66600;ASH_COATED_OSMIUM;9998;12;9995;20;;;10014;12;10016;20;;;10006.0;-10.4189453125
1;66700;ASH_COATED_OSMIUM;9998;11;9996;20;;;10014;11;10017;20;;;10006.0;-9.8310546875
1;66800;ASH_COATED_OSMIUM;9999;11;9996;27;;;10015;11;10017;27;;;10007.0;-9.2587890625
1;66900;ASH_COATED_OSMIUM;9999;11;9996;21;;;10015;11;10017;21;;;10007.0;-9.080078125
1;67000;ASH_COATED_OSMIUM;9999;15;9997;22;;;10015;15;;;;;10007.0;-8.9501953125
1;67100;ASH_COATED_OSMIUM;9999;10;9996;23;;;10015;10;10017;23;;;10007.0;-9.1494140625
1;67200;ASH_COATED_OSMIUM;9999;12;9996;26;;;10017;26;;;;;10008.0;-9.2685546875
1;67300;ASH_COATED_OSMIUM;9999;10;9996;26;;;10015;10;10018;26;;;10007.0;-8.9951171875
1;67400;ASH_COATED_OSMIUM;9999;11;9997;21;;;10015;11;10018;21;;;10007.0;-8.7158203125
1;67500;ASH_COATED_OSMIUM;9999;12;9997;27;;;10015;12;10018;27;;;10007.0;-8.9365234375
1;67600;ASH_COATED_OSMIUM;9999;11;9997;25;;;10015;11;10018;25;;;10007.0;-8.986328125
1;67700;ASH_COATED_OSMIUM;9997;25;;;;;10016;11;10018;25;;;10006.5;-8.466796875
1;67800;ASH_COATED_OSMIUM;10000;10;9997;25;;;10016;10;10018;25;;;10008.0;-8.076171875
1;67900;ASH_COATED_OSMIUM;9997;21;;;;;10016;13;10018;21;;;10006.5;-8.2763671875
1;68000;ASH_COATED_OSMIUM;10000;12;9997;29;;;10016;12;10018;29;;;10008.0;-8.384765625
1;68100;ASH_COATED_OSMIUM;9999;15;9997;22;;;10018;22;;;;;10008.5;-8.603515625
1;68200;ASH_COATED_OSMIUM;10000;11;9997;26;;;10016;11;10018;26;;;10008.0;-8.466796875
1;68300;ASH_COATED_OSMIUM;9999;13;9997;20;;;10015;13;;;;;10007.0;-8.609375
1;68400;ASH_COATED_OSMIUM;9999;12;9997;27;;;10015;12;10018;27;;;10007.0;-8.5654296875
1;68500;ASH_COATED_OSMIUM;9999;12;;;;;10015;12;10017;27;;;10007.0;-9.1904296875
1;68600;ASH_COATED_OSMIUM;9999;11;9997;21;;;10015;11;10018;21;;;10007.0;-8.779296875
1;68700;ASH_COATED_OSMIUM;9999;12;9997;23;;;10018;23;;;;;10008.5;-8.505859375
1;68800;ASH_COATED_OSMIUM;9999;12;;;;;10015;12;10018;26;;;10007.0;-8.6044921875
1;68900;ASH_COATED_OSMIUM;10000;11;9997;20;;;10018;20;;;;;10009.0;-8.25
1;69000;ASH_COATED_OSMIUM;9999;14;9997;29;;;10015;14;10018;29;;;10007.0;-8.951171875
1;69100;ASH_COATED_OSMIUM;9999;15;;;;;10015;15;10017;22;;;10007.0;-9.380859375
1;69200;ASH_COATED_OSMIUM;9999;13;9996;30;;;10015;13;10017;30;;;10007.0;-9.330078125
1;69300;ASH_COATED_OSMIUM;9999;12;9996;28;;;10015;12;10017;28;;;10007.0;-9.2978515625
1;69400;ASH_COATED_OSMIUM;9997;28;;;;;10018;28;;;;;10007.5;-8.8369140625
1;69500;ASH_COATED_OSMIUM;9999;14;9997;22;;;10015;14;10018;22;;;10007.0;-8.705078125
1;69600;ASH_COATED_OSMIUM;;;;;;;10018;23;;;;;10018.0;-8.166015625
1;69700;ASH_COATED_OSMIUM;9999;15;9997;23;;;10015;15;10018;23;;;10007.0;-8.9541015625
1;69800;ASH_COATED_OSMIUM;9998;11;9996;22;;;;;;;;;9998.0;-9.5048828125
1;69900;ASH_COATED_OSMIUM;9998;14;9996;30;;;10014;14;10017;30;;;10006.0;-9.6845703125
1;70000;ASH_COATED_OSMIUM;9999;13;9996;28;;;10017;28;;;;;10008.0;-9.4697265625
1;70100;ASH_COATED_OSMIUM;9999;11;9996;26;;;10017;26;;;;;10008.0;-9.1103515625
1;70200;ASH_COATED_OSMIUM;9999;14;9996;29;;;;;;;;;9999.0;-9.2919921875
1;70300;ASH_COATED_OSMIUM;9998;11;9996;30;;;;;;;;;9998.0;-9.7919921875
1;70400;ASH_COATED_OSMIUM;9998;13;9996;27;;;;;;;;;9998.0;-9.6171875
1;70500;ASH_COATED_OSMIUM;9998;15;9996;27;;;10014;15;10017;27;;;10006.0;-9.8564453125
1;70600;ASH_COATED_OSMIUM;9998;11;9996;24;;;10017;24;;;;;10007.5;-9.6962890625
1;70700;ASH_COATED_OSMIUM;9999;13;9996;21;;;;;;;;;9999.0;-9.4912109375
1;70800;ASH_COATED_OSMIUM;9999;13;9996;30;;;10015;13;10017;30;;;10007.0;-9.3203125
1;70900;ASH_COATED_OSMIUM;9999;11;9996;20;;;10015;11;10017;20;;;10007.0;-9.1923828125
1;71000;ASH_COATED_OSMIUM;9999;10;9996;30;;;10015;10;10017;30;;;10007.0;-9.1494140625
1;71100;ASH_COATED_OSMIUM;9999;14;9997;27;;;10018;27;;;;;10008.5;-8.9453125
1;71200;ASH_COATED_OSMIUM;9999;13;9997;29;;;10009;3;10018;29;;;10004.0;-8.8115234375
1;71300;ASH_COATED_OSMIUM;9996;27;;;;;10017;27;;;;;10006.5;-9.04296875
1;71400;ASH_COATED_OSMIUM;9997;30;;;;;10015;14;10018;30;;;10006.0;-8.94921875
1;71500;ASH_COATED_OSMIUM;9999;15;9996;30;;;10015;15;10017;30;;;10007.0;-9.138671875
1;71600;ASH_COATED_OSMIUM;9999;13;9996;28;;;10015;13;10017;28;;;10007.0;-9.0751953125
1;71700;ASH_COATED_OSMIUM;9999;12;9996;21;;;10015;12;10017;21;;;10007.0;-9.4541015625
1;71800;ASH_COATED_OSMIUM;;;;;;;10015;13;10017;29;;;10015.0;-9.1650390625
1;71900;ASH_COATED_OSMIUM;9997;26;;;;;10015;14;;;;;10006.0;-8.9521484375
1;72000;ASH_COATED_OSMIUM;9999;15;9996;20;;;;;;;;;9999.0;-9.0849609375
1;72100;ASH_COATED_OSMIUM;9998;15;9996;22;;;10014;15;;;;;10006.0;-9.6494140625
1;72200;ASH_COATED_OSMIUM;9998;14;9995;28;;;10014;14;10016;28;;;10006.0;-10.0341796875
1;72300;ASH_COATED_OSMIUM;9998;14;9996;27;;;10004;10;10014;14;;;10001.0;-9.7939453125
1;72400;ASH_COATED_OSMIUM;9998;15;9995;22;;;10014;15;10016;22;;;10006.0;-10.2421875
1;72500;ASH_COATED_OSMIUM;9995;22;;;;;10013;13;10016;22;;;10004.0;-10.5146484375
1;72600;ASH_COATED_OSMIUM;9997;14;9995;22;;;10013;14;10016;22;;;10005.0;-10.869140625
1;72700;ASH_COATED_OSMIUM;9995;30;;;;;10013;11;10016;30;;;10004.0;-10.9013671875
1;72800;ASH_COATED_OSMIUM;9997;13;;;;;10003;5;10016;30;;;10000.0;-10.5654296875
1;72900;ASH_COATED_OSMIUM;9998;12;9995;28;;;10014;12;;;;;10006.0;-10.248046875
1;73000;ASH_COATED_OSMIUM;9998;13;9995;21;;;10014;13;10016;21;;;10006.0;-10.494140625
1;73100;ASH_COATED_OSMIUM;9998;13;9995;27;;;10014;13;10016;27;;;10006.0;-10.3408203125
1;73200;ASH_COATED_OSMIUM;9998;13;9995;28;;;10014;13;10016;28;;;10006.0;-10.3759765625
1;73300;ASH_COATED_OSMIUM;9998;12;9995;22;;;10014;12;10016;22;;;10006.0;-10.375
1;73400;ASH_COATED_OSMIUM;10003;2;9998;13;9995;30;10016;30;;;;;10009.5;-10.212890625
1;73500;ASH_COATED_OSMIUM;9998;10;;;;;10014;10;10016;28;;;10006.0;-10.1884765625
1;73600;ASH_COATED_OSMIUM;9998;14;9995;27;;;10014;14;10016;27;;;10006.0;-10.314453125
1;73700;ASH_COATED_OSMIUM;9995;20;;;;;10016;20;;;;;10005.5;-10.2626953125
1;73800;ASH_COATED_OSMIUM;9998;14;9995;28;;;10014;14;10016;28;;;10006.0;-10.3310546875
1;73900;ASH_COATED_OSMIUM;;;;;;;10007;4;10014;12;10016;23;10007.0;-10.2412109375
1;74000;ASH_COATED_OSMIUM;9998;14;9995;21;;;10003;4;10014;14;10016;21;10000.5;-10.2958984375
1;74100;ASH_COATED_OSMIUM;9998;12;9995;25;;;10014;12;10016;25;;;10006.0;-10.4462890625
1;74200;ASH_COATED_OSMIUM;9998;13;9995;24;;;10014;13;10016;24;;;10006.0;-10.3857421875
1;74300;ASH_COATED_OSMIUM;9995;28;;;;;10014;14;10016;28;;;10004.5;-10.1416015625
1;74400;ASH_COATED_OSMIUM;9998;13;9995;21;;;;;;;;;9998.0;-10.1484375
1;74500;ASH_COATED_OSMIUM;9996;26;;;;;10014;10;10017;26;;;10005.0;-9.884765625
1;74600;ASH_COATED_OSMIUM;10004;5;9998;10;;;;;;;;;10004.0;-9.798828125
1;74700;ASH_COATED_OSMIUM;9995;29;;;;;10014;13;10016;29;;;10004.5;-10.173828125
1;74800;ASH_COATED_OSMIUM;9998;12;;;;;10017;20;;;;;10007.5;-9.978515625
1;74900;ASH_COATED_OSMIUM;9998;14;9996;23;;;10014;14;;;;;10006.0;-9.904296875
1;75000;ASH_COATED_OSMIUM;9998;13;9995;30;;;10016;30;;;;;10007.0;-10.119140625
1;75100;ASH_COATED_OSMIUM;9998;11;;;;;10014;11;10016;23;;;10006.0;-10.2353515625
1;75200;ASH_COATED_OSMIUM;9996;22;;;;;10014;15;10017;22;;;10005.0;-9.76171875
1;75300;ASH_COATED_OSMIUM;9998;12;;;;;10014;12;10017;27;;;10006.0;-9.537109375
1;75400;ASH_COATED_OSMIUM;9998;15;9996;27;;;10014;15;;;;;10006.0;-9.701171875
1;75500;ASH_COATED_OSMIUM;9998;14;9996;24;;;10017;24;;;;;10007.5;-9.728515625
1;75600;ASH_COATED_OSMIUM;9998;11;;;;;10014;11;10017;30;;;10006.0;-9.802734375
1;75700;ASH_COATED_OSMIUM;9998;15;;;;;10014;15;;;;;10006.0;-9.75
1;75800;ASH_COATED_OSMIUM;9998;13;;;;;10014;13;10017;27;;;10006.0;-9.80859375
1;75900;ASH_COATED_OSMIUM;9998;12;9996;27;;;10014;12;10017;27;;;10006.0;-9.7978515625
1;76000;ASH_COATED_OSMIUM;9998;12;9995;29;;;10014;12;10016;29;;;10006.0;-10.0966796875
1;76100;ASH_COATED_OSMIUM;9995;29;;;;;10013;12;10016;29;;;10004.0;-10.5537109375
1;76200;ASH_COATED_OSMIUM;9997;13;9995;30;;;10013;13;;;;;10005.0;-10.94921875
1;76300;ASH_COATED_OSMIUM;9997;10;9995;24;;;10016;24;;;;;10006.5;-10.8408203125
1;76400;ASH_COATED_OSMIUM;9997;15;;;;;10013;15;10016;21;;;10005.0;-10.548828125
1;76500;ASH_COATED_OSMIUM;10003;5;9998;11;9995;26;10014;11;10016;26;;;10008.5;-10.4658203125
1;76600;ASH_COATED_OSMIUM;9998;14;9995;29;;;10014;14;10016;29;;;10006.0;-10.2080078125
1;76700;ASH_COATED_OSMIUM;9997;12;;;;;10013;12;10016;27;;;10005.0;-10.5751953125
1;76800;ASH_COATED_OSMIUM;9995;26;;;;;10013;11;10016;26;;;10004.0;-10.8134765625
1;76900;ASH_COATED_OSMIUM;9997;13;9995;21;;;10016;21;;;;;10006.5;-10.9580078125
1;77000;ASH_COATED_OSMIUM;9997;12;9994;20;;;10015;20;;;;;10006.0;-11.0263671875
1;77100;ASH_COATED_OSMIUM;9997;13;9994;21;;;10013;13;10015;21;;;10005.0;-11.01953125
1;77200;ASH_COATED_OSMIUM;9997;13;9994;23;;;10013;13;10016;23;;;10005.0;-11.0009765625
1;77300;ASH_COATED_OSMIUM;10003;4;9997;15;9995;29;10013;15;10016;29;;;10008.0;-10.8642578125
1;77400;ASH_COATED_OSMIUM;;;;;;;10014;14;10016;23;;;10014.0;-10.1826171875
1;77500;ASH_COATED_OSMIUM;9998;14;;;;;10014;14;10016;21;;;10006.0;-10.091796875
1;77600;ASH_COATED_OSMIUM;9995;28;;;;;10014;15;10016;28;;;10004.5;-10.390625
1;77700;ASH_COATED_OSMIUM;9995;24;;;;;10014;11;;;;;10004.5;-10.421875
1;77800;ASH_COATED_OSMIUM;9998;14;9995;26;;;10003;7;10014;14;10016;26;10000.5;-10.22265625
1;77900;ASH_COATED_OSMIUM;9998;13;;;;;10017;26;;;;;10007.5;-9.6923828125
1;78000;ASH_COATED_OSMIUM;9998;10;;;;;10015;10;10017;28;;;10006.5;-9.4990234375
1;78100;ASH_COATED_OSMIUM;9999;10;9996;29;;;10015;10;;;;;10007.0;-9.4638671875
1;78200;ASH_COATED_OSMIUM;9998;11;9996;21;;;10014;11;;;;;10006.0;-9.669921875
1;78300;ASH_COATED_OSMIUM;9998;12;9996;21;;;10014;12;10017;21;;;10006.0;-9.8701171875
1;78400;ASH_COATED_OSMIUM;9999;11;9996;26;;;10015;11;10017;26;;;10007.0;-9.4052734375
1;78500;ASH_COATED_OSMIUM;9997;27;;;;;10015;12;10018;27;;;10006.0;-8.9267578125
1;78600;ASH_COATED_OSMIUM;9999;15;;;;;10015;15;10018;21;;;10007.0;-8.8984375
1;78700;ASH_COATED_OSMIUM;9997;26;;;;;10018;26;;;;;10007.5;-8.9716796875
1;78800;ASH_COATED_OSMIUM;9999;14;9997;26;;;10018;26;;;;;10008.5;-8.9541015625
1;78900;ASH_COATED_OSMIUM;9999;13;;;;;10015;13;10017;24;;;10007.0;-9.29296875
1;79000;ASH_COATED_OSMIUM;10004;5;9999;11;9996;30;10015;11;10017;30;;;10009.5;-9.3515625
1;79100;ASH_COATED_OSMIUM;9999;11;;;;;10015;11;10017;22;;;10007.0;-9.25390625
1;79200;ASH_COATED_OSMIUM;9997;22;;;;;10018;22;;;;;10007.5;-8.89453125
1;79300;ASH_COATED_OSMIUM;9997;24;;;;;10016;13;10018;24;;;10006.5;-8.37109375
1;79400;ASH_COATED_OSMIUM;10000;10;9997;28;;;10016;10;10018;28;;;10008.0;-8.2314453125
1;79500;ASH_COATED_OSMIUM;9999;15;9997;25;;;10015;15;10018;25;;;10007.0;-8.6259765625
1;79600;ASH_COATED_OSMIUM;9996;24;;;;;10015;10;;;;;10005.5;-9.1396484375
1;79700;ASH_COATED_OSMIUM;9999;13;9996;25;;;10015;13;10017;25;;;10007.0;-9.1904296875
1;79800;ASH_COATED_OSMIUM;9999;11;9996;23;;;10015;11;10017;23;;;10007.0;-9.361328125
1;79900;ASH_COATED_OSMIUM;9999;10;9996;24;;;10015;10;10017;24;;;10007.0;-9.1669921875
1;80000;ASH_COATED_OSMIUM;9999;11;;;;;10015;11;10018;23;;;10007.0;-8.65234375
1;80100;ASH_COATED_OSMIUM;10000;12;9998;29;;;10016;12;10019;29;;;10008.0;-7.9443359375
1;80200;ASH_COATED_OSMIUM;10000;15;9997;26;;;10016;15;10018;26;;;10008.0;-8.22265625
1;80300;ASH_COATED_OSMIUM;10009;4;9999;14;9997;28;10015;14;10018;28;;;10012.0;-8.587890625
1;80400;ASH_COATED_OSMIUM;10000;14;9997;30;;;10005;8;10016;14;10018;30;10002.5;-8.490234375
1;80500;ASH_COATED_OSMIUM;;;;;;;10019;23;;;;;10019.0;-7.83203125
1;80600;ASH_COATED_OSMIUM;10000;14;9998;22;;;10016;14;;;;;10008.0;-7.978515625
1;80700;ASH_COATED_OSMIUM;10000;14;9998;25;;;;;;;;;10000.0;-7.720703125
1;80800;ASH_COATED_OSMIUM;10000;10;;;;;10016;10;10018;30;;;10008.0;-8.0537109375
1;80900;ASH_COATED_OSMIUM;10000;15;9997;30;;;10016;15;;;;;10008.0;-8.443359375
1;81000;ASH_COATED_OSMIUM;10000;11;9997;24;;;;;;;;;10000.0;-8.296875
1;81100;ASH_COATED_OSMIUM;9999;10;9997;29;;;10016;10;10018;29;;;10007.5;-8.5029296875
1;81200;ASH_COATED_OSMIUM;10000;13;9997;20;;;10016;13;10018;20;;;10008.0;-8.01953125
1;81300;ASH_COATED_OSMIUM;9999;11;;;;;10018;23;;;;;10008.5;-8.6025390625
1;81400;ASH_COATED_OSMIUM;10000;15;9997;24;;;10016;15;10018;24;;;10008.0;-8.3251953125
1;81500;ASH_COATED_OSMIUM;9999;10;9997;28;;;10015;10;10018;28;;;10007.0;-8.73046875
1;81600;ASH_COATED_OSMIUM;9997;26;;;;;10015;10;10018;26;;;10006.0;-8.7158203125
1;81700;ASH_COATED_OSMIUM;;;;;;;10016;14;10018;29;;;10016.0;-8.330078125
1;81800;ASH_COATED_OSMIUM;9997;22;;;;;10015;13;10018;22;;;10006.0;-8.9873046875
1;81900;ASH_COATED_OSMIUM;9999;15;9996;23;;;10015;15;10017;23;;;10007.0;-9.3173828125
1;82000;ASH_COATED_OSMIUM;9996;29;;;;;10015;15;10017;29;;;10005.5;-9.2705078125
1;82100;ASH_COATED_OSMIUM;9999;11;9996;27;;;10015;11;10017;27;;;10007.0;-9.228515625
1;82200;ASH_COATED_OSMIUM;9999;15;9997;21;;;10015;15;10018;21;;;10007.0;-8.5556640625
1;82300;ASH_COATED_OSMIUM;;;;;;;;;;;;;0.0;-8.3984375
1;82400;ASH_COATED_OSMIUM;9997;20;;;;;10015;12;10018;20;;;10006.0;-8.5927734375
1;82500;ASH_COATED_OSMIUM;9999;13;9997;28;;;10015;13;10018;28;;;10007.0;-8.8193359375
1;82600;ASH_COATED_OSMIUM;9999;14;9996;28;;;10015;14;;;;;10007.0;-9.4189453125
1;82700;ASH_COATED_OSMIUM;9999;15;9996;26;;;10017;26;;;;;10008.0;-9.12109375
1;82800;ASH_COATED_OSMIUM;9996;20;;;;;10015;14;10017;20;;;10005.5;-9.3017578125
1;82900;ASH_COATED_OSMIUM;9999;15;9996;25;;;10015;15;10017;25;;;10007.0;-9.0283203125
1;83000;ASH_COATED_OSMIUM;9999;14;;;;;10015;14;10018;27;;;10007.0;-8.810546875
1;83100;ASH_COATED_OSMIUM;9999;10;9997;22;;;10018;22;;;;;10008.5;-8.90625
1;83200;ASH_COATED_OSMIUM;9999;10;;;;;10015;10;;;;;10007.0;-9.033203125
1;83300;ASH_COATED_OSMIUM;9999;10;9996;28;;;10015;10;;;;;10007.0;-9.083984375
1;83400;ASH_COATED_OSMIUM;9999;11;;;;;10015;11;10018;20;;;10007.0;-8.736328125
1;83500;ASH_COATED_OSMIUM;10000;15;9997;28;;;10016;15;10018;28;;;10008.0;-8.0703125
1;83600;ASH_COATED_OSMIUM;10005;2;10000;12;9997;28;10016;12;10018;28;;;10010.5;-8.4130859375
1;83700;ASH_COATED_OSMIUM;9999;15;9997;24;;;10015;15;;;;;10007.0;-8.6240234375
1;83800;ASH_COATED_OSMIUM;9999;11;9996;29;;;10015;11;10017;29;;;10007.0;-9.048828125
1;83900;ASH_COATED_OSMIUM;9999;13;9996;25;;;10015;13;10017;25;;;10007.0;-9.1044921875
1;84000;ASH_COATED_OSMIUM;9996;23;;;;;10014;15;10017;23;;;10005.0;-9.7236328125
1;84100;ASH_COATED_OSMIUM;9998;14;9995;24;;;10016;24;;;;;10007.0;-10.2578125
1;84200;ASH_COATED_OSMIUM;9997;13;9995;27;;;10013;13;;;;;10005.0;-10.6103515625
1;84300;ASH_COATED_OSMIUM;9998;12;;;;;10016;25;;;;;10007.0;-10.3779296875
1;84400;ASH_COATED_OSMIUM;10002;2;9997;14;9994;29;10013;14;;;;;10007.5;-11.0029296875
1;84500;ASH_COATED_OSMIUM;9996;13;9994;29;;;10012;13;10015;29;;;10004.0;-11.8623046875
1;84600;ASH_COATED_OSMIUM;9996;14;9994;28;;;10015;28;;;;;10005.5;-11.9736328125
1;84700;ASH_COATED_OSMIUM;9996;15;;;;;10012;15;10015;20;;;10004.0;-11.9892578125
1;84800;ASH_COATED_OSMIUM;9994;22;;;;;10012;11;10015;22;;;10003.0;-11.7978515625
1;84900;ASH_COATED_OSMIUM;9996;11;9993;21;;;10012;11;10014;21;;;10004.0;-12.22265625
1;85000;ASH_COATED_OSMIUM;9995;12;;;;;10011;12;;;;;10003.0;-12.6318359375
1;85100;ASH_COATED_OSMIUM;9995;13;9993;23;;;10011;13;10014;23;;;10003.0;-12.626953125
1;85200;ASH_COATED_OSMIUM;9996;12;;;;;10012;12;10014;21;;;10004.0;-12.4482421875
1;85300;ASH_COATED_OSMIUM;9996;14;;;;;10012;14;10014;29;;;10004.0;-12.037109375
1;85400;ASH_COATED_OSMIUM;9996;10;9994;22;;;10015;22;;;;;10005.5;-11.91015625
1;85500;ASH_COATED_OSMIUM;9996;11;9993;30;;;10012;11;10014;30;;;10004.0;-12.4970703125
1;85600;ASH_COATED_OSMIUM;9995;14;9993;29;;;10011;14;10014;29;;;10003.0;-12.740234375
1;85700;ASH_COATED_OSMIUM;9995;14;;;;;10001;8;10011;14;10014;22;9998.0;-12.708984375
1;85800;ASH_COATED_OSMIUM;9995;15;9993;28;;;10011;15;10014;28;;;10003.0;-12.720703125
1;85900;ASH_COATED_OSMIUM;9995;14;9993;20;;;10011;14;;;;;10003.0;-12.8720703125
1;86000;ASH_COATED_OSMIUM;9995;12;9992;29;;;10011;12;10013;29;;;10003.0;-13.49609375
1;86100;ASH_COATED_OSMIUM;9995;12;;;;;10013;21;;;;;10004.0;-13.2587890625
1;86200;ASH_COATED_OSMIUM;9995;14;;;;;10011;14;10013;25;;;10003.0;-13.3203125
1;86300;ASH_COATED_OSMIUM;9995;13;9992;24;;;10011;13;10013;24;;;10003.0;-13.3935546875
1;86400;ASH_COATED_OSMIUM;9992;22;;;;;10010;11;;;;;10001.0;-13.65234375
1;86500;ASH_COATED_OSMIUM;9995;13;;;;;10011;13;;;;;10003.0;-13.455078125
1;86600;ASH_COATED_OSMIUM;9995;10;9992;21;;;10013;21;;;;;10004.0;-13.33203125
1;86700;ASH_COATED_OSMIUM;9992;25;;;;;10011;15;10013;25;;;10001.5;-13.34765625
1;86800;ASH_COATED_OSMIUM;9995;14;9992;28;;;10013;28;;;;;10004.0;-13.2451171875
1;86900;ASH_COATED_OSMIUM;9994;11;9992;24;;;10010;11;10013;24;;;10002.0;-13.87890625
1;87000;ASH_COATED_OSMIUM;9994;14;9992;25;;;10010;14;10013;25;;;10002.0;-13.7978515625
1;87100;ASH_COATED_OSMIUM;9994;12;9991;23;;;10010;12;10012;23;;;10002.0;-14.2666015625
1;87200;ASH_COATED_OSMIUM;9993;11;9991;24;;;10012;24;;;;;10002.5;-14.5146484375
1;87300;ASH_COATED_OSMIUM;9992;28;;;;;10010;12;10013;28;;;10001.0;-13.9853515625
1;87400;ASH_COATED_OSMIUM;9994;10;;;;;10010;10;10012;22;;;10002.0;-14.2138671875
1;87500;ASH_COATED_OSMIUM;9991;26;;;;;10012;26;;;;;10001.5;-14.4462890625
1;87600;ASH_COATED_OSMIUM;9999;5;9991;25;;;10012;25;;;;;10005.5;-14.19921875
1;87700;ASH_COATED_OSMIUM;9994;10;;;;;10012;22;;;;;10003.0;-14.28125
1;87800;ASH_COATED_OSMIUM;9993;10;9991;22;;;10009;10;10012;22;;;10001.0;-14.7041015625
1;87900;ASH_COATED_OSMIUM;;;;;;;10009;10;10012;23;;;10009.0;-14.6123046875
1;88000;ASH_COATED_OSMIUM;9994;13;9991;26;;;10010;13;10012;26;;;10002.0;-14.0244140625
1;88100;ASH_COATED_OSMIUM;9994;11;9992;25;;;;;;;;;9994.0;-13.919921875
1;88200;ASH_COATED_OSMIUM;9994;15;9991;20;;;10010;15;10012;20;;;10002.0;-14.015625
1;88300;ASH_COATED_OSMIUM;9994;15;9991;27;;;10010;15;10012;27;;;10002.0;-14.328125
1;88400;ASH_COATED_OSMIUM;9994;12;9992;25;;;10010;12;10013;25;;;10002.0;-13.96875
1;88500;ASH_COATED_OSMIUM;9994;15;9991;24;;;10010;15;10012;24;;;10002.0;-14.0380859375
1;88600;ASH_COATED_OSMIUM;9994;12;9992;26;;;10010;12;10013;26;;;10002.0;-13.8271484375
1;88700;ASH_COATED_OSMIUM;9995;14;;;;;10011;14;10013;20;;;10003.0;-13.1396484375
1;88800;ASH_COATED_OSMIUM;9995;11;9992;22;;;10011;11;10013;22;;;10003.0;-13.3603515625
1;88900;ASH_COATED_OSMIUM;9992;25;;;;;10011;15;10013;25;;;10001.5;-13.44140625
1;89000;ASH_COATED_OSMIUM;9994;13;9992;21;;;10004;3;10010;13;10013;21;9999.0;-13.6494140625
1;89100;ASH_COATED_OSMIUM;9992;30;;;;;10011;10;10013;30;;;10001.5;-13.193359375
1;89200;ASH_COATED_OSMIUM;9994;12;;;;;10011;12;10013;26;;;10002.5;-13.4990234375
1;89300;ASH_COATED_OSMIUM;9994;14;9992;25;;;10010;14;10013;25;;;10002.0;-13.7080078125
1;89400;ASH_COATED_OSMIUM;9994;10;9992;25;;;10013;25;;;;;10003.5;-13.78515625
1;89500;ASH_COATED_OSMIUM;9994;10;9992;30;;;10010;10;10013;30;;;10002.0;-13.8173828125
1;89600;ASH_COATED_OSMIUM;9994;12;9992;29;;;10010;12;10013;29;;;10002.0;-13.955078125
1;89700;ASH_COATED_OSMIUM;9994;12;9992;30;;;10010;12;10013;30;;;10002.0;-13.947265625
1;89800;ASH_COATED_OSMIUM;9994;14;9991;26;;;10010;14;10012;26;;;10002.0;-14.388671875
1;89900;ASH_COATED_OSMIUM;9994;15;9991;25;;;10010;15;10012;25;;;10002.0;-14.17578125
1;90000;ASH_COATED_OSMIUM;9994;10;9991;20;;;10010;10;;;;;10002.0;-14.2333984375
1;90100;ASH_COATED_OSMIUM;9994;14;9992;20;;;10013;20;;;;;10003.5;-13.8359375
1;90200;ASH_COATED_OSMIUM;9994;14;9992;29;;;10010;14;10013;29;;;10002.0;-13.8544921875
1;90300;ASH_COATED_OSMIUM;9994;11;9992;30;;;10010;11;10013;30;;;10002.0;-13.6201171875
1;90400;ASH_COATED_OSMIUM;9994;13;9991;25;;;10010;13;10012;25;;;10002.0;-14.1376953125
1;90500;ASH_COATED_OSMIUM;9993;12;9991;20;;;10012;20;;;;;10002.5;-14.6044921875
1;90600;ASH_COATED_OSMIUM;9993;15;9991;28;;;10009;15;10012;28;;;10001.0;-14.7724609375
1;90700;ASH_COATED_OSMIUM;9993;14;;;;;10009;14;10012;27;;;10001.0;-14.5986328125
1;90800;ASH_COATED_OSMIUM;9993;12;;;;;10012;24;;;;;10002.5;-14.5712890625
1;90900;ASH_COATED_OSMIUM;9993;10;9991;23;;;10009;10;10012;23;;;10001.0;-14.7412109375
1;91000;ASH_COATED_OSMIUM;9991;24;;;;;10009;14;10012;24;;;10000.0;-14.9189453125
1;91100;ASH_COATED_OSMIUM;9999;3;;;;;10009;10;10012;28;;;10004.0;-14.7783203125
1;91200;ASH_COATED_OSMIUM;9991;28;;;;;10009;11;;;;;10000.0;-14.8125
1;91300;ASH_COATED_OSMIUM;9993;12;9990;21;;;10009;12;10011;21;;;10001.0;-15.3310546875
1;91400;ASH_COATED_OSMIUM;9992;10;;;;;10008;10;10011;21;;;10000.0;-15.7734375
1;91500;ASH_COATED_OSMIUM;9992;10;9990;24;;;10008;10;10011;24;;;10000.0;-15.576171875
1;91600;ASH_COATED_OSMIUM;9993;10;;;;;10009;10;;;;;10001.0;-15.40234375
1;91700;ASH_COATED_OSMIUM;9993;13;;;;;10009;13;10012;27;;;10001.0;-14.578125
1;91800;ASH_COATED_OSMIUM;9993;14;9991;27;;;10009;14;10012;27;;;10001.0;-14.7724609375
1;91900;ASH_COATED_OSMIUM;9991;23;;;;;10009;15;10012;23;;;10000.0;-14.73046875
1;92000;ASH_COATED_OSMIUM;9994;14;9991;20;;;10010;14;;;;;10002.0;-14.2080078125
1;92100;ASH_COATED_OSMIUM;9994;10;9991;28;;;10010;10;10012;28;;;10002.0;-14.255859375
1;92200;ASH_COATED_OSMIUM;9994;15;9991;25;;;10010;15;10012;25;;;10002.0;-14.3232421875
1;92300;ASH_COATED_OSMIUM;9994;14;9991;30;;;10010;14;10012;30;;;10002.0;-14.2666015625
1;92400;ASH_COATED_OSMIUM;9994;13;9991;23;;;10010;13;10012;23;;;10002.0;-14.111328125
1;92500;ASH_COATED_OSMIUM;9994;12;9991;25;;;10010;12;10012;25;;;10002.0;-14.330078125
1;92600;ASH_COATED_OSMIUM;9994;12;9991;25;;;10010;12;10012;25;;;10002.0;-14.2060546875
1;92700;ASH_COATED_OSMIUM;9993;15;9991;21;;;10009;15;10012;21;;;10001.0;-14.6220703125
1;92800;ASH_COATED_OSMIUM;9993;15;;;;;10009;15;10012;24;;;10001.0;-14.7080078125
1;92900;ASH_COATED_OSMIUM;9993;14;;;;;10009;14;10012;27;;;10001.0;-14.7177734375
1;93000;ASH_COATED_OSMIUM;10003;8;9993;15;9991;23;10009;15;10012;23;;;10006.0;-14.79296875
1;93100;ASH_COATED_OSMIUM;9993;14;;;;;10012;24;;;;;10002.5;-14.82421875
1;93200;ASH_COATED_OSMIUM;9993;12;9991;29;;;10012;29;;;;;10002.5;-14.728515625
1;93300;ASH_COATED_OSMIUM;9991;21;;;;;;;;;;;9991.0;-14.5146484375
1;93400;ASH_COATED_OSMIUM;9991;24;;;;;10009;15;10012;24;;;10000.0;-14.83203125
1;93500;ASH_COATED_OSMIUM;9993;11;9991;27;;;10009;11;;;;;10001.0;-14.57421875
1;93600;ASH_COATED_OSMIUM;9993;14;9991;22;;;10009;14;10012;22;;;10001.0;-14.6455078125
1;93700;ASH_COATED_OSMIUM;9991;25;;;;;10009;10;;;;;10000.0;-14.7255859375
1;93800;ASH_COATED_OSMIUM;9994;13;;;;;10010;13;;;;;10002.0;-14.220703125
1;93900;ASH_COATED_OSMIUM;9994;13;9992;28;;;10010;13;10013;28;;;10002.0;-13.59375
1;94000;ASH_COATED_OSMIUM;9995;10;9992;26;;;10011;10;10013;26;;;10003.0;-13.46875
1;94100;ASH_COATED_OSMIUM;9995;10;9992;20;;;10011;10;10013;20;;;10003.0;-13.4111328125
1;94200;ASH_COATED_OSMIUM;9994;14;9992;30;;;10010;14;;;;;10002.0;-13.5126953125
1;94300;ASH_COATED_OSMIUM;9994;14;9992;22;;;10010;14;10013;22;;;10002.0;-13.8896484375
1;94400;ASH_COATED_OSMIUM;9994;14;;;;;10010;14;10013;25;;;10002.0;-13.7685546875
1;94500;ASH_COATED_OSMIUM;9995;14;9992;22;;;10013;22;;;;;10004.0;-13.4365234375
1;94600;ASH_COATED_OSMIUM;9994;10;9992;20;;;10010;10;10013;20;;;10002.0;-13.8310546875
1;94700;ASH_COATED_OSMIUM;9994;14;9992;20;;;10010;14;10013;20;;;10002.0;-13.8095703125
1;94800;ASH_COATED_OSMIUM;9994;12;9991;24;;;10010;12;10012;24;;;10002.0;-14.1337890625
1;94900;ASH_COATED_OSMIUM;9994;11;9992;21;;;10010;11;10013;21;;;10002.0;-13.9296875
1;95000;ASH_COATED_OSMIUM;9994;14;;;;;10010;14;10013;25;;;10002.0;-13.66015625
1;95100;ASH_COATED_OSMIUM;9994;14;9991;29;;;10010;14;;;;;10002.0;-14.111328125
1;95200;ASH_COATED_OSMIUM;9994;13;9991;22;;;10010;13;10012;22;;;10002.0;-14.3447265625
1;95300;ASH_COATED_OSMIUM;9993;15;9991;25;;;10009;15;10012;25;;;10001.0;-14.671875
1;95400;ASH_COATED_OSMIUM;9994;10;9991;30;;;10010;10;;;;;10002.0;-14.3564453125
1;95500;ASH_COATED_OSMIUM;9993;12;;;;;10009;12;;;;;10001.0;-14.8486328125
1;95600;ASH_COATED_OSMIUM;9991;26;;;;;10010;13;10012;26;;;10000.5;-14.40625
1;95700;ASH_COATED_OSMIUM;9994;15;9992;20;;;10010;15;10013;20;;;10002.0;-13.9658203125
1;95800;ASH_COATED_OSMIUM;9994;10;9991;21;;;10010;10;10012;21;;;10002.0;-14.1083984375
1;95900;ASH_COATED_OSMIUM;9992;21;;;;;10010;14;10013;21;;;10001.0;-13.89453125
1;96000;ASH_COATED_OSMIUM;9994;13;9991;23;;;10010;13;10012;23;;;10002.0;-14.0615234375
1;96100;ASH_COATED_OSMIUM;9993;10;;;;;10009;10;;;;;10001.0;-14.6572265625
1;96200;ASH_COATED_OSMIUM;9993;13;9990;22;;;10009;13;10011;22;;;10001.0;-15.013671875
1;96300;ASH_COATED_OSMIUM;9993;13;9991;30;;;10009;13;10012;30;;;10001.0;-14.884765625
1;96400;ASH_COATED_OSMIUM;9990;22;;;;;10009;14;10011;22;;;9999.5;-15.154296875
1;96500;ASH_COATED_OSMIUM;9993;15;9990;26;;;10009;15;;;;;10001.0;-15.0302734375
1;96600;ASH_COATED_OSMIUM;;;;;;;10009;11;;;;;10009.0;-14.85546875
1;96700;ASH_COATED_OSMIUM;;;;;;;10009;15;;;;;10009.0;-14.65625
1;96800;ASH_COATED_OSMIUM;9993;13;9991;23;;;10012;23;;;;;10002.5;-14.572265625
1;96900;ASH_COATED_OSMIUM;9994;14;9991;29;;;10010;14;10012;29;;;10002.0;-14.2021484375
1;97000;ASH_COATED_OSMIUM;9994;10;9991;26;;;10010;10;10012;26;;;10002.0;-14.3583984375
1;97100;ASH_COATED_OSMIUM;9991;22;;;;;10010;12;10012;22;;;10000.5;-14.271484375
1;97200;ASH_COATED_OSMIUM;9994;11;;;;;10010;11;10012;22;;;10002.0;-14.1337890625
1;97300;ASH_COATED_OSMIUM;9992;28;;;;;10004;4;10010;10;10013;28;9998.0;-13.9169921875
1;97400;ASH_COATED_OSMIUM;9994;13;9991;24;;;10012;24;;;;;10003.0;-14.1455078125
1;97500;ASH_COATED_OSMIUM;9994;10;9991;23;;;10010;10;10012;23;;;10002.0;-14.4892578125
1;97600;ASH_COATED_OSMIUM;9991;26;;;;;10009;10;10012;26;;;10000.0;-14.5869140625
1;97700;ASH_COATED_OSMIUM;9993;10;9991;24;;;10009;10;10012;24;;;10001.0;-14.6142578125
1;97800;ASH_COATED_OSMIUM;9993;14;;;;;10009;14;;;;;10001.0;-14.5517578125
1;97900;ASH_COATED_OSMIUM;10003;6;9993;15;9991;25;10012;25;;;;;10007.5;-14.5283203125
1;98000;ASH_COATED_OSMIUM;9994;14;9991;25;;;10012;25;;;;;10003.0;-14.0224609375
1;98100;ASH_COATED_OSMIUM;9994;13;9991;28;;;10010;13;10012;28;;;10002.0;-14.30078125
1;98200;ASH_COATED_OSMIUM;9994;15;;;;;10012;23;;;;;10003.0;-14.13671875
1;98300;ASH_COATED_OSMIUM;9991;30;;;;;10010;14;10012;30;;;10000.5;-14.1650390625
1;98400;ASH_COATED_OSMIUM;9994;13;;;;;10010;13;;;;;10002.0;-14.375
1;98500;ASH_COATED_OSMIUM;9994;10;9991;24;;;10010;10;10012;24;;;10002.0;-14.470703125
1;98600;ASH_COATED_OSMIUM;;;;;;;10009;14;10012;30;;;10009.0;-14.6259765625
1;98700;ASH_COATED_OSMIUM;9991;26;;;;;9999;4;10009;12;10012;26;9995.0;-14.71875
1;98800;ASH_COATED_OSMIUM;;;;;;;10009;13;;;;;10009.0;-14.7294921875
1;98900;ASH_COATED_OSMIUM;9994;12;9991;20;;;10012;20;;;;;10003.0;-14.4296875
1;99000;ASH_COATED_OSMIUM;9993;14;9991;22;;;10009;14;10012;22;;;10001.0;-14.9033203125
1;99100;ASH_COATED_OSMIUM;9993;14;9990;25;;;10002;5;10009;14;;;9997.5;-15.01171875
1;99200;ASH_COATED_OSMIUM;9993;10;9990;29;;;;;;;;;9993.0;-15.0478515625
1;99300;ASH_COATED_OSMIUM;9993;14;;;;;10011;29;;;;;10002.0;-15.033203125
1;99400;ASH_COATED_OSMIUM;9993;14;9990;27;;;10009;14;10011;27;;;10001.0;-15.3193359375
1;99500;ASH_COATED_OSMIUM;9993;13;9990;28;;;;;;;;;9993.0;-15.1123046875
1;99600;ASH_COATED_OSMIUM;9993;10;9991;27;;;10012;27;;;;;10002.5;-14.7548828125
1;99700;ASH_COATED_OSMIUM;9993;15;;;;;10009;15;;;;;10001.0;-14.712890625
1;99800;ASH_COATED_OSMIUM;9994;15;9992;25;;;10010;15;10013;25;;;10002.0;-13.8193359375
1;99900;ASH_COATED_OSMIUM;9995;14;9992;28;;;10013;28;;;;;10004.0;-13.2666015625
