day;timestamp;product;bid_price_1;bid_volume_1;bid_price_2;bid_volume_2;bid_price_3;bid_volume_3;ask_price_1;ask_volume_1;ask_price_2;ask_volume_2;ask_price_3;ask_volume_3;mid_price;profit_and_loss
39;0;VEV_5400;16;20;;;;;18;20;;;;;17.0;0.0
39;100;VEV_5400;16;25;;;;;18;25;;;;;17.0;-1.162282943725586
39;200;VEV_5400;16;19;;;;;18;19;;;;;17.0;-1.1399173736572266
39;300;VEV_5400;16;25;;;;;18;25;;;;;17.0;-1.0607662200927734
39;400;VEV_5400;16;26;;;;;17;26;;;;;16.5;-1.343667984008789
39;500;VEV_5400;16;19;;;;;17;19;;;;;16.5;-1.6025657653808594
39;600;VEV_5400;16;5;15;24;;;17;24;;;;;16.5;-1.8350811004638672
39;700;VEV_5400;16;18;;;;;17;18;;;;;16.5;-1.707845687866211
39;800;VEV_5400;16;20;;;;;17;20;;;;;16.5;-1.6492118835449219
39;900;VEV_5400;16;24;;;;;17;24;;;;;16.5;-1.6207618713378906
39;1000;VEV_5400;16;26;;;;;17;26;;;;;16.5;-1.6075382232666016
39;1100;VEV_5400;16;29;;;;;17;29;;;;;16.5;-1.419342041015625
39;1200;VEV_5400;16;21;;;;;17;21;;;;;16.5;-1.6935691833496094
39;1300;VEV_5400;16;16;;;;;17;16;;;;;16.5;-1.7237606048583984
39;1400;VEV_5400;16;21;;;;;17;21;;;;;16.5;-1.361989974975586
39;1500;VEV_5400;16;25;;;;;17;9;18;16;;;16.5;-1.2165584564208984
39;1600;VEV_5400;16;19;;;;;17;7;18;12;;;16.5;-1.2379093170166016
39;1700;VEV_5400;16;26;;;;;18;26;;;;;17.0;-0.9879035949707031
39;1800;VEV_5400;16;21;;;;;18;21;;;;;17.0;-1.0238037109375
39;1900;VEV_5400;16;16;;;;;18;16;;;;;17.0;-0.8931522369384766
39;2000;VEV_5400;17;19;;;;;18;19;;;;;17.5;-0.5259723663330078
39;2100;VEV_5400;17;23;;;;;18;23;;;;;17.5;-0.2773265838623047
39;2200;VEV_5400;17;19;;;;;18;19;;;;;17.5;-0.49645233154296875
39;2300;VEV_5400;17;27;;;;;18;27;;;;;17.5;-0.37021636962890625
39;2400;VEV_5400;17;26;;;;;19;26;;;;;18.0;-0.10081863403320312
39;2500;VEV_5400;18;21;;;;;19;21;;;;;18.5;0.32772254943847656
39;2600;VEV_5400;18;16;;;;;19;16;;;;;18.5;0.4200725555419922
39;2700;VEV_5400;18;8;17;11;;;19;19;;;;;18.5;0.2559967041015625
39;2800;VEV_5400;17;20;;;;;19;20;;;;;18.0;0.15447616577148438
39;2900;VEV_5400;17;26;;;;;18;26;;;;;17.5;-0.26659393310546875
39;3000;VEV_5400;17;21;;;;;19;21;;;;;18.0;-0.08599472045898438
39;3100;VEV_5400;18;23;;;;;19;23;;;;;18.5;0.29345130920410156
39;3200;VEV_5400;18;18;;;;;19;18;;;;;18.5;0.4017181396484375
39;3300;VEV_5400;18;18;;;;;19;18;;;;;18.5;0.5501060485839844
39;3400;VEV_5400;18;25;;;;;19;6;20;19;;;18.5;0.7215633392333984
39;3500;VEV_5400;18;20;;;;;19;20;;;;;18.5;0.47129058837890625
39;3600;VEV_5400;18;23;;;;;19;23;;;;;18.5;0.6312637329101562
39;3700;VEV_5400;18;21;;;;;19;21;;;;;18.5;0.4835205078125
39;3800;VEV_5400;18;21;;;;;19;21;;;;;18.5;0.5709381103515625
39;3900;VEV_5400;18;19;;;;;19;19;;;;;18.5;0.570068359375
39;4000;VEV_5400;18;26;;;;;19;26;;;;;18.5;0.35301780700683594
39;4100;VEV_5400;18;19;;;;;19;19;;;;;18.5;0.5312786102294922
39;4200;VEV_5400;18;26;;;;;19;26;;;;;18.5;0.6839179992675781
39;4300;VEV_5400;18;27;;;;;19;27;;;;;18.5;0.6763381958007812
39;4400;VEV_5400;18;5;17;16;;;19;21;;;;;18.5;0.2517814636230469
39;4500;VEV_5400;18;7;17;11;;;19;18;;;;;18.5;0.23958969116210938
39;4600;VEV_5400;17;21;;;;;19;21;;;;;18.0;-0.04689216613769531
39;4700;VEV_5400;17;25;;;;;19;25;;;;;18.0;0.0020465850830078125
39;4800;VEV_5400;17;25;;;;;19;25;;;;;18.0;-0.06151771545410156
39;4900;VEV_5400;18;20;;;;;19;20;;;;;18.5;0.391357421875
39;5000;VEV_5400;18;24;;;;;19;24;;;;;18.5;0.4343223571777344
39;5100;VEV_5400;18;19;;;;;19;19;;;;;18.5;0.3905067443847656
39;5200;VEV_5400;18;22;;;;;19;22;;;;;18.5;0.40831565856933594
39;5300;VEV_5400;18;20;;;;;19;20;;;;;18.5;0.5295238494873047
39;5400;VEV_5400;18;19;;;;;19;19;;;;;18.5;0.4306144714355469
39;5500;VEV_5400;18;28;;;;;20;28;;;;;19.0;1.0408210754394531
39;5600;VEV_5400;18;22;;;;;20;22;;;;;19.0;1.079721450805664
39;5700;VEV_5400;18;26;;;;;20;26;;;;;19.0;1.0495414733886719
39;5800;VEV_5400;18;25;;;;;19;10;20;15;;;18.5;0.7445888519287109
39;5900;VEV_5400;18;23;;;;;20;23;;;;;19.0;0.8029460906982422
39;6000;VEV_5400;18;28;;;;;20;28;;;;;19.0;0.9232463836669922
39;6100;VEV_5400;18;21;;;;;20;21;;;;;19.0;0.8445281982421875
39;6200;VEV_5400;18;23;;;;;20;23;;;;;19.0;0.9044723510742188
39;6300;VEV_5400;18;24;;;;;19;9;20;15;;;18.5;0.7508106231689453
39;6400;VEV_5400;18;25;;;;;19;25;;;;;18.5;0.5524883270263672
39;6500;VEV_5400;18;22;;;;;19;22;;;;;18.5;0.5097179412841797
39;6600;VEV_5400;18;23;;;;;19;23;;;;;18.5;0.38353919982910156
39;6700;VEV_5400;18;9;17;13;;;19;22;;;;;18.5;0.2324695587158203
39;6800;VEV_5400;18;5;17;15;;;19;20;;;;;18.5;0.26876258850097656
39;6900;VEV_5400;18;19;;;;;19;19;;;;;18.5;0.47490882873535156
39;7000;VEV_5400;17;26;;;;;19;26;;;;;18.0;0.16910362243652344
39;7100;VEV_5400;17;24;;;;;19;24;;;;;18.0;-0.14249801635742188
39;7200;VEV_5400;17;18;;;;;19;18;;;;;18.0;-0.10407257080078125
39;7300;VEV_5400;17;23;;;;;19;23;;;;;18.0;-0.030185699462890625
39;7400;VEV_5400;18;20;;;;;19;20;;;;;18.5;0.32877349853515625
39;7500;VEV_5400;18;19;;;;;19;19;;;;;18.5;0.60162353515625
39;7600;VEV_5400;17;23;;;;;19;23;;;;;18.0;0.20775985717773438
39;7700;VEV_5400;18;19;;;;;19;19;;;;;18.5;0.3981971740722656
39;7800;VEV_5400;17;21;;;;;19;19;;;;;18.0;-0.03839874267578125
39;7900;VEV_5400;17;18;;;;;19;18;;;;;18.0;0.1318683624267578
39;8000;VEV_5400;17;26;;;;;19;26;;;;;18.0;-0.07110786437988281
39;8100;VEV_5400;17;17;;;;;19;17;;;;;18.0;-0.1639537811279297
39;8200;VEV_5400;17;19;;;;;18;5;19;14;;;17.5;-0.2412433624267578
39;8300;VEV_5400;17;20;;;;;18;20;;;;;17.5;-0.3216571807861328
39;8400;VEV_5400;17;23;;;;;19;23;;;;;18.0;-0.028961181640625
39;8500;VEV_5400;17;18;;;;;19;18;;;;;18.0;-0.11738014221191406
39;8600;VEV_5400;17;22;;;;;19;22;;;;;18.0;-0.0975799560546875
39;8700;VEV_5400;17;21;;;;;18;21;;;;;17.5;-0.5125370025634766
39;8800;VEV_5400;17;22;;;;;18;22;;;;;17.5;-0.6610679626464844
39;8900;VEV_5400;17;21;;;;;18;21;;;;;17.5;-0.7124347686767578
39;9000;VEV_5400;16;27;;;;;18;27;;;;;17.0;-0.8197135925292969
39;9100;VEV_5400;16;18;;;;;18;18;;;;;17.0;-0.9289970397949219
39;9200;VEV_5400;16;26;;;;;18;26;;;;;17.0;-1.0402755737304688
39;9300;VEV_5400;16;20;;;;;18;20;;;;;17.0;-1.1788597106933594
39;9400;VEV_5400;16;19;;;;;17;19;;;;;16.5;-1.4235877990722656
39;9500;VEV_5400;16;21;;;;;17;21;;;;;16.5;-1.6184539794921875
39;9600;VEV_5400;16;20;;;;;17;20;;;;;16.5;-1.6900062561035156
39;9700;VEV_5400;16;5;15;19;;;17;24;;;;;16.5;-1.7594547271728516
39;9800;VEV_5400;16;20;;;;;17;20;;;;;16.5;-1.7460880279541016
39;9900;VEV_5400;15;25;;;;;17;25;;;;;16.0;-1.8316764831542969
39;10000;VEV_5400;16;24;;;;;17;24;;;;;16.5;-1.6888713836669922
39;10100;VEV_5400;16;19;;;;;17;19;;;;;16.5;-1.6566047668457031
39;10200;VEV_5400;15;25;;;;;17;25;;;;;16.0;-1.8557891845703125
39;10300;VEV_5400;15;26;;;;;17;26;;;;;16.0;-2.096257209777832
39;10400;VEV_5400;15;25;;;;;17;25;;;;;16.0;-1.8678741455078125
39;10500;VEV_5400;15;25;;;;;17;25;;;;;16.0;-1.9662551879882812
39;10600;VEV_5400;15;27;;;;;17;27;;;;;16.0;-2.033212661743164
39;10700;VEV_5400;16;8;15;12;;;17;20;;;;;16.5;-1.7623100280761719
39;10800;VEV_5400;15;24;;;;;17;24;;;;;16.0;-2.032991409301758
39;10900;VEV_5400;15;22;;;;;17;22;;;;;16.0;-1.9454498291015625
39;11000;VEV_5400;16;18;;;;;17;18;;;;;16.5;-1.7185592651367188
39;11100;VEV_5400;16;24;;;;;17;24;;;;;16.5;-1.464101791381836
39;11200;VEV_5400;16;30;;;;;17;30;;;;;16.5;-1.3224811553955078
39;11300;VEV_5400;16;23;;;;;17;10;18;13;;;16.5;-1.2459907531738281
39;11400;VEV_5400;16;17;;;;;18;17;;;;;17.0;-0.9018135070800781
39;11500;VEV_5400;16;26;;;;;18;26;;;;;17.0;-0.8237094879150391
39;11600;VEV_5400;16;23;;;;;18;23;;;;;17.0;-0.9801998138427734
39;11700;VEV_5400;16;22;;;;;18;22;;;;;17.0;-0.8890476226806641
39;11800;VEV_5400;16;18;;;;;18;18;;;;;17.0;-1.1084575653076172
39;11900;VEV_5400;17;10;16;12;;;18;22;;;;;17.5;-0.7897377014160156
39;12000;VEV_5400;17;16;;;;;18;16;;;;;17.5;-0.5676345825195312
39;12100;VEV_5400;17;19;;;;;18;19;;;;;17.5;-0.5571784973144531
39;12200;VEV_5400;17;19;;;;;18;19;;;;;17.5;-0.6056652069091797
39;12300;VEV_5400;17;16;;;;;18;16;;;;;17.5;-0.5990047454833984
39;12400;VEV_5400;16;30;;;;;18;30;;;;;17.0;-0.9007911682128906
39;12500;VEV_5400;16;23;;;;;18;23;;;;;17.0;-0.82708740234375
39;12600;VEV_5400;16;15;;;;;18;15;;;;;17.0;-0.8922367095947266
39;12700;VEV_5400;16;22;;;;;18;22;;;;;17.0;-0.9482975006103516
39;12800;VEV_5400;16;28;;;;;18;28;;;;;17.0;-1.1117286682128906
39;12900;VEV_5400;16;28;;;;;18;28;;;;;17.0;-1.0183219909667969
39;13000;VEV_5400;16;25;;;;;18;25;;;;;17.0;-1.1791248321533203
39;13100;VEV_5400;16;16;;;;;18;19;;;;;17.0;-1.0869083404541016
39;13200;VEV_5400;16;23;;;;;18;23;;;;;17.0;-0.8280620574951172
39;13300;VEV_5400;17;29;;;;;18;29;;;;;17.5;-0.7018318176269531
39;13400;VEV_5400;16;25;;;;;18;25;;;;;17.0;-0.8853111267089844
39;13500;VEV_5400;16;25;;;;;17;25;;;;;16.5;-1.2555274963378906
39;13600;VEV_5400;16;20;;;;;18;20;;;;;17.0;-1.1552162170410156
39;13700;VEV_5400;16;28;;;;;17;8;18;20;;;16.5;-1.2381477355957031
39;13800;VEV_5400;16;21;;;;;18;21;;;;;17.0;-1.1303977966308594
39;13900;VEV_5400;16;26;;;;;18;26;;;;;17.0;-0.9461460113525391
39;14000;VEV_5400;16;22;;;;;18;22;;;;;17.0;-1.0270805358886719
39;14100;VEV_5400;16;23;;;;;18;23;;;;;17.0;-0.9263362884521484
39;14200;VEV_5400;16;24;;;;;18;24;;;;;17.0;-0.9572620391845703
39;14300;VEV_5400;17;6;16;12;;;18;18;;;;;17.5;-0.7546119689941406
39;14400;VEV_5400;16;23;;;;;18;23;;;;;17.0;-0.9159393310546875
39;14500;VEV_5400;16;24;;;;;18;24;;;;;17.0;-1.1177005767822266
39;14600;VEV_5400;16;19;;;;;17;19;;;;;16.5;-1.4123077392578125
39;14700;VEV_5400;16;22;;;;;18;22;;;;;17.0;-0.9648685455322266
39;14800;VEV_5400;16;21;;;;;18;21;;;;;17.0;-0.8471355438232422
39;14900;VEV_5400;16;27;;;;;18;27;;;;;17.0;-0.9388103485107422
39;15000;VEV_5400;16;26;;;;;18;26;;;;;17.0;-0.9490451812744141
39;15100;VEV_5400;17;26;;;;;18;26;;;;;17.5;-0.6013259887695312
39;15200;VEV_5400;17;20;;;;;18;20;;;;;17.5;-0.5206165313720703
39;15300;VEV_5400;17;22;;;;;18;22;;;;;17.5;-0.4282379150390625
39;15400;VEV_5400;17;29;;;;;18;29;;;;;17.5;-0.5687713623046875
39;15500;VEV_5400;17;23;;;;;18;23;;;;;17.5;-0.5761299133300781
39;15600;VEV_5400;17;24;;;;;19;24;;;;;18.0;-0.102203369140625
39;15700;VEV_5400;17;15;;;;;19;15;;;;;18.0;-0.2064647674560547
39;15800;VEV_5400;17;26;;;;;18;8;19;18;;;17.5;-0.24846649169921875
39;15900;VEV_5400;17;17;;;;;19;17;;;;;18.0;-0.0516815185546875
39;16000;VEV_5400;17;22;;;;;19;22;;;;;18.0;-0.022756576538085938
39;16100;VEV_5400;17;19;;;;;19;19;;;;;18.0;0.09496116638183594
39;16200;VEV_5400;17;16;;;;;19;16;;;;;18.0;0.051853179931640625
39;16300;VEV_5400;18;8;17;19;;;19;27;;;;;18.5;0.26833343505859375
39;16400;VEV_5400;18;26;;;;;19;26;;;;;18.5;0.47796630859375
39;16500;VEV_5400;18;25;;;;;19;25;;;;;18.5;0.31939697265625
39;16600;VEV_5400;18;18;;;;;19;18;;;;;18.5;0.5249423980712891
39;16700;VEV_5400;18;18;;;;;19;18;;;;;18.5;0.49193763732910156
39;16800;VEV_5400;18;20;;;;;19;20;;;;;18.5;0.5111045837402344
39;16900;VEV_5400;18;27;;;;;19;27;;;;;18.5;0.5949134826660156
39;17000;VEV_5400;18;19;;;;;19;19;;;;;18.5;0.6300601959228516
39;17100;VEV_5400;18;25;;;;;19;25;;;;;18.5;0.6219692230224609
39;17200;VEV_5400;18;28;;;;;20;28;;;;;19.0;0.8632030487060547
39;17300;VEV_5400;18;19;;;;;20;19;;;;;19.0;1.011159896850586
39;17400;VEV_5400;18;20;;;;;20;20;;;;;19.0;1.1831932067871094
39;17500;VEV_5400;18;24;;;;;20;24;;;;;19.0;1.1409721374511719
39;17600;VEV_5400;18;23;;;;;20;23;;;;;19.0;0.9372272491455078
39;17700;VEV_5400;18;24;;;;;19;24;;;;;18.5;0.5830783843994141
39;17800;VEV_5400;18;23;;;;;19;23;;;;;18.5;0.5277023315429688
39;17900;VEV_5400;18;25;;;;;19;25;;;;;18.5;0.5649604797363281
39;18000;VEV_5400;18;16;;;;;20;16;;;;;19.0;0.9317340850830078
39;18100;VEV_5400;18;25;;;;;20;25;;;;;19.0;0.8254928588867188
39;18200;VEV_5400;18;21;;;;;20;21;;;;;19.0;0.8697738647460938
39;18300;VEV_5400;18;27;;;;;20;27;;;;;19.0;0.8605880737304688
39;18400;VEV_5400;18;28;;;;;19;28;;;;;18.5;0.5240325927734375
39;18500;VEV_5400;18;21;;;;;19;21;;;;;18.5;0.6164798736572266
39;18600;VEV_5400;17;23;;;;;19;23;;;;;18.0;0.10648918151855469
39;18700;VEV_5400;17;18;;;;;19;18;;;;;18.0;0.08721923828125
39;18800;VEV_5400;17;24;;;;;19;24;;;;;18.0;-0.09182357788085938
39;18900;VEV_5400;17;27;;;;;19;27;;;;;18.0;0.05782127380371094
39;19000;VEV_5400;17;27;;;;;19;27;;;;;18.0;-0.20278358459472656
39;19100;VEV_5400;17;27;;;;;18;25;;;;;17.5;-0.3650016784667969
39;19200;VEV_5400;17;26;;;;;18;26;;;;;17.5;-0.3108062744140625
39;19300;VEV_5400;17;30;;;;;18;10;19;20;;;17.5;-0.22570228576660156
39;19400;VEV_5400;17;27;;;;;18;27;;;;;17.5;-0.34555625915527344
39;19500;VEV_5400;17;24;;;;;18;24;;;;;17.5;-0.4196033477783203
39;19600;VEV_5400;17;24;;;;;18;24;;;;;17.5;-0.38127899169921875
39;19700;VEV_5400;17;26;;;;;18;26;;;;;17.5;-0.7063236236572266
39;19800;VEV_5400;16;21;;;;;18;21;;;;;17.0;-0.8531169891357422
39;19900;VEV_5400;17;23;;;;;18;23;;;;;17.5;-0.44927024841308594
39;20000;VEV_5400;17;22;;;;;18;22;;;;;17.5;-0.3147010803222656
39;20100;VEV_5400;17;20;;;;;18;20;;;;;17.5;-0.5596809387207031
39;20200;VEV_5400;17;16;;;;;18;16;;;;;17.5;-0.3957653045654297
39;20300;VEV_5400;17;23;;;;;18;23;;;;;17.5;-0.5616512298583984
39;20400;VEV_5400;17;28;;;;;18;28;;;;;17.5;-0.3969688415527344
39;20500;VEV_5400;17;28;;;;;18;28;;;;;17.5;-0.5931186676025391
39;20600;VEV_5400;17;8;16;17;;;18;25;;;;;17.5;-0.7558803558349609
39;20700;VEV_5400;17;18;;;;;18;18;;;;;17.5;-0.6037216186523438
39;20800;VEV_5400;17;25;;;;;18;25;;;;;17.5;-0.34710121154785156
39;20900;VEV_5400;17;23;;;;;19;28;;;;;18.0;-0.13588905334472656
39;21000;VEV_5400;17;22;;;;;19;22;;;;;18.0;-0.12266159057617188
39;21100;VEV_5400;17;25;;;;;18;25;;;;;17.5;-0.46332740783691406
39;21200;VEV_5400;17;28;;;;;18;28;;;;;17.5;-0.35389137268066406
39;21300;VEV_5400;17;25;;;;;19;25;;;;;18.0;-0.05256843566894531
39;21400;VEV_5400;17;29;;;;;19;29;;;;;18.0;-0.026342391967773438
39;21500;VEV_5400;17;29;;;;;19;29;;;;;18.0;0.04865837097167969
39;21600;VEV_5400;17;24;;;;;19;24;;;;;18.0;0.12382888793945312
39;21700;VEV_5400;17;27;;;;;19;27;;;;;18.0;0.10161590576171875
39;21800;VEV_5400;18;23;;;;;19;23;;;;;18.5;0.2979869842529297
39;21900;VEV_5400;18;23;;;;;19;23;;;;;18.5;0.2933673858642578
39;22000;VEV_5400;17;19;;;;;19;19;;;;;18.0;0.03493690490722656
39;22100;VEV_5400;17;24;;;;;19;24;;;;;18.0;-0.15642929077148438
39;22200;VEV_5400;17;16;;;;;18;5;19;11;;;17.5;-0.24811553955078125
39;22300;VEV_5400;17;19;;;;;18;19;;;;;17.5;-0.27175331115722656
39;22400;VEV_5400;17;19;;;;;18;19;;;;;17.5;-0.3828601837158203
39;22500;VEV_5400;17;19;;;;;18;19;;;;;17.5;-0.4156169891357422
39;22600;VEV_5400;17;23;;;;;18;23;;;;;17.5;-0.46630096435546875
39;22700;VEV_5400;17;25;;;;;18;25;;;;;17.5;-0.6467723846435547
39;22800;VEV_5400;17;24;;;;;18;24;;;;;17.5;-0.7384929656982422
39;22900;VEV_5400;17;20;;;;;18;20;;;;;17.5;-0.6917190551757812
39;23000;VEV_5400;16;26;;;;;18;26;;;;;17.0;-0.8876056671142578
39;23100;VEV_5400;16;24;;;;;18;24;;;;;17.0;-0.9003410339355469
39;23200;VEV_5400;16;26;;;;;18;26;;;;;17.0;-1.0543651580810547
39;23300;VEV_5400;16;22;;;;;17;22;;;;;16.5;-1.3834304809570312
39;23400;VEV_5400;16;20;;;;;17;20;;;;;16.5;-1.6951255798339844
39;23500;VEV_5400;16;21;;;;;17;23;;;;;16.5;-1.5405235290527344
39;23600;VEV_5400;16;8;15;19;;;17;27;;;;;16.5;-1.7816333770751953
39;23700;VEV_5400;16;18;;;;;17;18;;;;;16.5;-1.5444278717041016
39;23800;VEV_5400;16;23;;;;;17;23;;;;;16.5;-1.5903034210205078
39;23900;VEV_5400;16;21;;;;;17;21;;;;;16.5;-1.3392581939697266
39;24000;VEV_5400;16;24;;;;;17;24;;;;;16.5;-1.32373046875
39;24100;VEV_5400;16;27;;;;;17;27;;;;;16.5;-1.4295406341552734
39;24200;VEV_5400;16;20;;;;;17;20;;;;;16.5;-1.3170528411865234
39;24300;VEV_5400;16;19;;;;;17;19;;;;;16.5;-1.3351402282714844
39;24400;VEV_5400;16;23;;;;;18;23;;;;;17.0;-1.1031494140625
39;24500;VEV_5400;16;30;;;;;18;30;;;;;17.0;-1.1017532348632812
39;24600;VEV_5400;16;25;;;;;17;21;;;;;16.5;-1.3321208953857422
39;24700;VEV_5400;16;25;;;;;18;25;;;;;17.0;-1.1767520904541016
39;24800;VEV_5400;16;22;;;;;18;22;;;;;17.0;-1.1585369110107422
39;24900;VEV_5400;16;27;;;;;18;27;;;;;17.0;-1.2007637023925781
39;25000;VEV_5400;16;22;;;;;17;22;;;;;16.5;-1.3096179962158203
39;25100;VEV_5400;16;18;;;;;18;18;;;;;17.0;-1.1600456237792969
39;25200;VEV_5400;16;23;;;;;18;23;;;;;17.0;-0.9502391815185547
39;25300;VEV_5400;16;21;;;;;17;21;;;;;16.5;-1.2664432525634766
39;25400;VEV_5400;16;27;;;;;18;27;;;;;17.0;-1.0984134674072266
39;25500;VEV_5400;16;22;;;;;18;22;;;;;17.0;-1.1104240417480469
39;25600;VEV_5400;16;16;;;;;18;16;;;;;17.0;-0.9996738433837891
39;25700;VEV_5400;16;28;;;;;18;28;;;;;17.0;-1.1338863372802734
39;25800;VEV_5400;16;18;;;;;18;18;;;;;17.0;-1.1546478271484375
39;25900;VEV_5400;16;21;;;;;18;21;;;;;17.0;-0.9875545501708984
39;26000;VEV_5400;17;6;16;16;;;18;22;;;;;17.5;-0.7922801971435547
39;26100;VEV_5400;16;26;;;;;18;26;;;;;17.0;-0.8414955139160156
39;26200;VEV_5400;16;22;;;;;18;22;;;;;17.0;-1.1755695343017578
39;26300;VEV_5400;16;15;;;;;18;15;;;;;17.0;-1.1695842742919922
39;26400;VEV_5400;16;24;;;;;18;24;;;;;17.0;-1.0486984252929688
39;26500;VEV_5400;16;30;;;;;18;30;;;;;17.0;-1.016195297241211
39;26600;VEV_5400;16;26;;;;;18;26;;;;;17.0;-1.0352802276611328
39;26700;VEV_5400;16;23;;;;;18;23;;;;;17.0;-0.8493385314941406
39;26800;VEV_5400;16;24;;;;;18;24;;;;;17.0;-0.840850830078125
39;26900;VEV_5400;17;20;;;;;18;20;;;;;17.5;-0.7002696990966797
39;27000;VEV_5400;16;21;;;;;18;21;;;;;17.0;-1.0458354949951172
39;27100;VEV_5400;16;28;;;;;18;28;;;;;17.0;-1.093994140625
39;27200;VEV_5400;16;24;;;;;17;24;;;;;16.5;-1.367208480834961
39;27300;VEV_5400;16;27;;;;;17;27;;;;;16.5;-1.259246826171875
39;27400;VEV_5400;16;18;;;;;17;18;;;;;16.5;-1.50762939453125
39;27500;VEV_5400;16;20;;;;;17;20;;;;;16.5;-1.3325366973876953
39;27600;VEV_5400;16;22;;;;;18;22;;;;;17.0;-1.1904125213623047
39;27700;VEV_5400;16;25;;;;;18;25;;;;;17.0;-1.1646251678466797
39;27800;VEV_5400;16;29;;;;;17;29;;;;;16.5;-1.432302474975586
39;27900;VEV_5400;16;28;;;;;17;28;;;;;16.5;-1.5775871276855469
39;28000;VEV_5400;16;10;15;18;;;17;28;;;;;16.5;-1.7820854187011719
39;28100;VEV_5400;16;20;;;;;18;20;;;;;17.0;-1.1962089538574219
39;28200;VEV_5400;16;22;;;;;18;22;;;;;17.0;-0.98297119140625
39;28300;VEV_5400;16;21;;;;;18;21;;;;;17.0;-1.0068836212158203
39;28400;VEV_5400;16;19;;;;;18;19;;;;;17.0;-0.9640884399414062
39;28500;VEV_5400;16;20;;;;;18;20;;;;;17.0;-0.9476776123046875
39;28600;VEV_5400;16;24;;;;;18;24;;;;;17.0;-0.8570652008056641
39;28700;VEV_5400;16;22;;;;;18;22;;;;;17.0;-0.9151992797851562
39;28800;VEV_5400;16;28;;;;;18;28;;;;;17.0;-1.1048583984375
39;28900;VEV_5400;16;22;;;;;18;22;;;;;17.0;-1.1303558349609375
39;29000;VEV_5400;16;22;;;;;17;8;18;14;;;16.5;-1.2157211303710938
39;29100;VEV_5400;16;19;;;;;18;19;;;;;17.0;-1.0454902648925781
39;29200;VEV_5400;16;25;;;;;18;25;;;;;17.0;-0.9478187561035156
39;29300;VEV_5400;16;22;;;;;18;22;;;;;17.0;-1.0836505889892578
39;29400;VEV_5400;16;20;;;;;18;20;;;;;17.0;-1.0241756439208984
39;29500;VEV_5400;16;15;;;;;18;17;;;;;17.0;-1.0125808715820312
39;29600;VEV_5400;16;25;;;;;17;25;;;;;16.5;-1.294973373413086
39;29700;VEV_5400;16;23;;;;;17;23;;;;;16.5;-1.3235359191894531
39;29800;VEV_5400;16;20;;;;;17;20;;;;;16.5;-1.3285369873046875
39;29900;VEV_5400;16;26;;;;;17;8;18;18;;;16.5;-1.2298755645751953
39;30000;VEV_5400;16;19;;;;;17;19;;;;;16.5;-1.4649238586425781
39;30100;VEV_5400;16;23;;;;;17;23;;;;;16.5;-1.4312763214111328
39;30200;VEV_5400;16;26;;;;;17;26;;;;;16.5;-1.624002456665039
39;30300;VEV_5400;16;10;15;10;;;17;16;;;;;16.5;-1.7974700927734375
39;30400;VEV_5400;15;20;;;;;17;20;;;;;16.0;-1.8784027099609375
39;30500;VEV_5400;16;20;;;;;17;20;;;;;16.5;-1.7208671569824219
39;30600;VEV_5400;15;26;;;;;17;26;;;;;16.0;-2.029775619506836
39;30700;VEV_5400;15;18;;;;;17;18;;;;;16.0;-2.1712522506713867
39;30800;VEV_5400;15;20;;;;;16;20;;;;;15.5;-2.4195327758789062
39;30900;VEV_5400;15;17;;;;;16;7;17;10;;;15.5;-2.2127504348754883
39;31000;VEV_5400;15;21;;;;;16;21;;;;;15.5;-2.551055908203125
39;31100;VEV_5400;15;22;;;;;16;22;;;;;15.5;-2.5214052200317383
39;31200;VEV_5400;15;20;;;;;16;20;;;;;15.5;-2.608407974243164
39;31300;VEV_5400;15;21;;;;;16;8;17;13;;;15.5;-2.2188329696655273
39;31400;VEV_5400;15;22;;;;;17;22;;;;;16.0;-2.128795623779297
39;31500;VEV_5400;15;18;;;;;17;18;;;;;16.0;-2.074997901916504
39;31600;VEV_5400;15;16;;;;;17;16;;;;;16.0;-2.0373849868774414
39;31700;VEV_5400;16;10;15;17;;;17;27;;;;;16.5;-1.7944698333740234
39;31800;VEV_5400;16;7;15;16;;;17;23;;;;;16.5;-1.794778823852539
39;31900;VEV_5400;16;29;;;;;17;29;;;;;16.5;-1.5792465209960938
39;32000;VEV_5400;16;26;;;;;17;26;;;;;16.5;-1.436880111694336
39;32100;VEV_5400;16;23;;;;;17;23;;;;;16.5;-1.3338985443115234
39;32200;VEV_5400;16;25;;;;;17;25;;;;;16.5;-1.3199272155761719
39;32300;VEV_5400;16;24;;;;;18;24;;;;;17.0;-1.0780963897705078
39;32400;VEV_5400;16;22;;;;;18;22;;;;;17.0;-1.0995159149169922
39;32500;VEV_5400;16;16;;;;;18;16;;;;;17.0;-1.0105094909667969
39;32600;VEV_5400;16;25;;;;;18;25;;;;;17.0;-1.0413646697998047
39;32700;VEV_5400;16;24;;;;;18;24;;;;;17.0;-1.0404319763183594
39;32800;VEV_5400;16;27;;;;;18;27;;;;;17.0;-0.9667682647705078
39;32900;VEV_5400;16;20;;;;;18;20;;;;;17.0;-1.0224685668945312
39;33000;VEV_5400;17;21;;;;;18;21;;;;;17.5;-0.6285285949707031
39;33100;VEV_5400;17;19;;;;;18;19;;;;;17.5;-0.5199146270751953
39;33200;VEV_5400;16;18;;;;;18;18;;;;;17.0;-0.9044418334960938
39;33300;VEV_5400;17;20;;;;;18;20;;;;;17.5;-0.7407207489013672
39;33400;VEV_5400;17;21;;;;;18;21;;;;;17.5;-0.5470542907714844
39;33500;VEV_5400;17;24;;;;;18;24;;;;;17.5;-0.6891860961914062
39;33600;VEV_5400;17;29;;;;;18;29;;;;;17.5;-0.7153739929199219
39;33700;VEV_5400;17;24;;;;;18;24;;;;;17.5;-0.6676502227783203
39;33800;VEV_5400;17;18;;;;;18;18;;;;;17.5;-0.5707168579101562
39;33900;VEV_5400;17;26;;;;;18;26;;;;;17.5;-0.32747650146484375
39;34000;VEV_5400;17;24;;;;;18;24;;;;;17.5;-0.31765174865722656
39;34100;VEV_5400;17;24;;;;;19;24;;;;;18.0;0.02362060546875
39;34200;VEV_5400;18;8;17;18;;;19;26;;;;;18.5;0.22037506103515625
39;34300;VEV_5400;17;19;;;;;19;19;;;;;18.0;0.17447471618652344
39;34400;VEV_5400;17;21;;;;;19;21;;;;;18.0;0.05980110168457031
39;34500;VEV_5400;17;26;;;;;19;26;;;;;18.0;-0.081634521484375
39;34600;VEV_5400;17;24;;;;;18;6;19;18;;;17.5;-0.236175537109375
39;34700;VEV_5400;17;27;;;;;18;27;;;;;17.5;-0.3024463653564453
39;34800;VEV_5400;17;15;;;;;18;15;;;;;17.5;-0.6097927093505859
39;34900;VEV_5400;17;21;;;;;18;21;;;;;17.5;-0.6826801300048828
39;35000;VEV_5400;16;20;;;;;18;20;;;;;17.0;-1.0701179504394531
39;35100;VEV_5400;16;21;;;;;18;21;;;;;17.0;-0.9126987457275391
39;35200;VEV_5400;17;2;16;18;;;18;18;;;;;17.5;-0.9688873291015625
39;35300;VEV_5400;16;30;;;;;18;30;;;;;17.0;-0.8054599761962891
39;35400;VEV_5400;17;18;;;;;18;18;;;;;17.5;-0.5166072845458984
39;35500;VEV_5400;17;18;;;;;18;18;;;;;17.5;-0.5520191192626953
39;35600;VEV_5400;17;22;;;;;18;22;;;;;17.5;-0.5536003112792969
39;35700;VEV_5400;16;26;;;;;18;26;;;;;17.0;-0.8322086334228516
39;35800;VEV_5400;16;27;;;;;18;27;;;;;17.0;-1.0913124084472656
39;35900;VEV_5400;16;20;;;;;18;20;;;;;17.0;-0.9826183319091797
39;36000;VEV_5400;16;22;;;;;18;22;;;;;17.0;-0.9403419494628906
39;36100;VEV_5400;17;23;;;;;18;23;;;;;17.5;-0.7375640869140625
39;36200;VEV_5400;17;22;;;;;18;22;;;;;17.5;-0.7351512908935547
39;36300;VEV_5400;16;16;;;;;18;16;;;;;17.0;-1.076986312866211
39;36400;VEV_5400;17;6;16;13;;;18;19;;;;;17.5;-0.7729053497314453
39;36500;VEV_5400;17;10;16;20;;;18;30;;;;;17.5;-0.7686519622802734
39;36600;VEV_5400;17;24;;;;;18;24;;;;;17.5;-0.7097415924072266
39;36700;VEV_5400;16;21;;;;;18;21;;;;;17.0;-0.9496307373046875
39;36800;VEV_5400;16;21;;;;;17;21;;;;;16.5;-1.3523426055908203
39;36900;VEV_5400;16;25;;;;;17;25;;;;;16.5;-1.3469867706298828
39;37000;VEV_5400;16;28;;;;;17;28;;;;;16.5;-1.5218048095703125
39;37100;VEV_5400;16;23;;;;;18;23;;;;;17.0;-1.0776958465576172
39;37200;VEV_5400;17;20;;;;;18;20;;;;;17.5;-0.6928176879882812
39;37300;VEV_5400;16;23;;;;;18;23;;;;;17.0;-1.0207443237304688
39;37400;VEV_5400;16;22;;;;;17;22;;;;;16.5;-1.2689685821533203
39;37500;VEV_5400;16;22;;;;;17;5;18;17;;;16.5;-1.2159194946289062
39;37600;VEV_5400;16;26;;;;;17;26;;;;;16.5;-1.3916244506835938
39;37700;VEV_5400;16;23;;;;;18;23;;;;;17.0;-0.9231643676757812
39;37800;VEV_5400;16;24;;;;;18;24;;;;;17.0;-1.0825843811035156
39;37900;VEV_5400;16;28;;;;;18;28;;;;;17.0;-1.1404151916503906
39;38000;VEV_5400;16;19;;;;;18;19;;;;;17.0;-1.0784626007080078
39;38100;VEV_5400;16;26;;;;;18;26;;;;;17.0;-1.0931682586669922
39;38200;VEV_5400;16;26;;;;;18;26;;;;;17.0;-1.092245101928711
39;38300;VEV_5400;16;25;;;;;18;25;;;;;17.0;-0.9777469635009766
39;38400;VEV_5400;16;23;;;;;18;23;;;;;17.0;-1.0206050872802734
39;38500;VEV_5400;16;25;;;;;18;25;;;;;17.0;-1.026632308959961
39;38600;VEV_5400;16;22;;;;;18;22;;;;;17.0;-1.0570297241210938
39;38700;VEV_5400;16;22;;;;;18;22;;;;;17.0;-0.9159374237060547
39;38800;VEV_5400;16;27;;;;;18;27;;;;;17.0;-1.027139663696289
39;38900;VEV_5400;16;23;;;;;18;23;;;;;17.0;-1.0042266845703125
39;39000;VEV_5400;16;20;;;;;18;20;;;;;17.0;-1.0303802490234375
39;39100;VEV_5400;16;16;;;;;18;16;;;;;17.0;-1.034139633178711
39;39200;VEV_5400;16;21;;;;;17;21;;;;;16.5;-1.3311901092529297
39;39300;VEV_5400;16;28;;;;;17;25;;;;;16.5;-1.5865402221679688
39;39400;VEV_5400;16;22;;;;;17;22;;;;;16.5;-1.4304962158203125
39;39500;VEV_5400;16;19;;;;;17;19;;;;;16.5;-1.5623283386230469
39;39600;VEV_5400;16;21;;;;;17;21;;;;;16.5;-1.5988025665283203
39;39700;VEV_5400;15;20;;;;;17;20;;;;;16.0;-2.0343551635742188
39;39800;VEV_5400;15;26;;;;;16;5;17;16;;;15.5;-2.192498207092285
39;39900;VEV_5400;15;21;;;;;16;21;;;;;15.5;-2.2845211029052734
39;40000;VEV_5400;15;22;;;;;17;22;;;;;16.0;-2.131373405456543
39;40100;VEV_5400;15;24;;;;;16;24;;;;;15.5;-2.320828437805176
39;40200;VEV_5400;15;21;;;;;16;21;;;;;15.5;-2.4632949829101562
39;40300;VEV_5400;15;17;;;;;16;17;;;;;15.5;-2.5140857696533203
39;40400;VEV_5400;15;26;;;;;16;26;;;;;15.5;-2.651702880859375
39;40500;VEV_5400;15;6;14;12;;;16;18;;;;;15.5;-2.7820043563842773
39;40600;VEV_5400;14;28;;;;;16;28;;;;;15.0;-2.962839126586914
39;40700;VEV_5400;14;23;;;;;15;23;;;;;14.5;-3.359651565551758
39;40800;VEV_5400;14;20;;;;;15;20;;;;;14.5;-3.333524703979492
39;40900;VEV_5400;14;19;;;;;15;19;;;;;14.5;-3.5910558700561523
39;41000;VEV_5400;14;18;;;;;15;18;;;;;14.5;-3.4446372985839844
39;41100;VEV_5400;14;22;;;;;15;22;;;;;14.5;-3.5503883361816406
39;41200;VEV_5400;14;20;;;;;15;20;;;;;14.5;-3.724717140197754
39;41300;VEV_5400;14;27;;;;;15;27;;;;;14.5;-3.6287851333618164
39;41400;VEV_5400;14;21;;;;;15;21;;;;;14.5;-3.648324966430664
39;41500;VEV_5400;13;27;;;;;15;27;;;;;14.0;-3.9573917388916016
39;41600;VEV_5400;13;20;;;;;15;20;;;;;14.0;-4.047884941101074
39;41700;VEV_5400;13;27;;;;;15;27;;;;;14.0;-4.012913703918457
39;41800;VEV_5400;13;29;;;;;15;29;;;;;14.0;-3.889680862426758
39;41900;VEV_5400;13;13;;;;;14;5;15;10;;;13.5;-4.183321952819824
39;42000;VEV_5400;13;22;;;;;14;22;;;;;13.5;-4.323620796203613
39;42100;VEV_5400;13;22;;;;;15;22;;;;;14.0;-4.038959503173828
39;42200;VEV_5400;14;20;;;;;15;20;;;;;14.5;-3.74277400970459
39;42300;VEV_5400;14;22;;;;;15;22;;;;;14.5;-3.5046701431274414
39;42400;VEV_5400;14;26;;;;;15;26;;;;;14.5;-3.612560272216797
39;42500;VEV_5400;14;22;;;;;15;22;;;;;14.5;-3.5578489303588867
39;42600;VEV_5400;14;23;;;;;15;23;;;;;14.5;-3.475560188293457
39;42700;VEV_5400;14;22;;;;;15;22;;;;;14.5;-3.6923418045043945
39;42800;VEV_5400;14;17;;;;;15;17;;;;;14.5;-3.70157527923584
39;42900;VEV_5400;14;21;;;;;15;25;;;;;14.5;-3.632596969604492
39;43000;VEV_5400;14;25;;;;;15;25;;;;;14.5;-3.7107744216918945
39;43100;VEV_5400;14;19;;;;;15;19;;;;;14.5;-3.727919578552246
39;43200;VEV_5400;14;24;;;;;15;24;;;;;14.5;-3.7299938201904297
39;43300;VEV_5400;14;19;;;;;15;19;;;;;14.5;-3.766850471496582
39;43400;VEV_5400;14;17;;;;;15;17;;;;;14.5;-3.5740747451782227
39;43500;VEV_5400;13;24;;;;;15;24;;;;;14.0;-3.9174070358276367
39;43600;VEV_5400;14;9;13;16;;;15;25;;;;;14.5;-3.8181419372558594
39;43700;VEV_5400;13;20;;;;;15;20;;;;;14.0;-3.9712448120117188
39;43800;VEV_5400;13;19;;;;;14;8;15;11;;;13.5;-4.202939987182617
39;43900;VEV_5400;13;21;;;;;15;21;;;;;14.0;-4.087533950805664
39;44000;VEV_5400;13;17;;;;;15;17;;;;;14.0;-3.9733896255493164
39;44100;VEV_5400;14;30;;;;;15;30;;;;;14.5;-3.7108640670776367
39;44200;VEV_5400;14;18;;;;;15;18;;;;;14.5;-3.5500221252441406
39;44300;VEV_5400;14;22;;;;;15;22;;;;;14.5;-3.5174636840820312
39;44400;VEV_5400;14;24;;;;;15;24;;;;;14.5;-3.3816776275634766
39;44500;VEV_5400;14;20;;;;;15;6;16;14;;;14.5;-3.2180261611938477
39;44600;VEV_5400;14;20;;;;;16;20;;;;;15.0;-2.978245735168457
39;44700;VEV_5400;14;21;;;;;16;21;;;;;15.0;-2.8518142700195312
39;44800;VEV_5400;15;7;14;17;;;16;24;;;;;15.5;-2.776431083679199
39;44900;VEV_5400;15;22;;;;;16;22;;;;;15.5;-2.7523069381713867
39;45000;VEV_5400;15;21;;;;;16;21;;;;;15.5;-2.7139177322387695
39;45100;VEV_5400;15;1;14;15;;;16;21;;;;;15.5;-2.8020687103271484
39;45200;VEV_5400;14;17;;;;;16;17;;;;;15.0;-2.934202194213867
39;45300;VEV_5400;14;30;;;;;15;30;;;;;14.5;-3.2396392822265625
39;45400;VEV_5400;14;21;;;;;15;21;;;;;14.5;-3.3672256469726562
39;45500;VEV_5400;14;29;;;;;16;29;;;;;15.0;-3.1720046997070312
39;45600;VEV_5400;14;28;;;;;15;9;16;19;;;14.5;-3.199709892272949
39;45700;VEV_5400;14;22;;;;;15;22;;;;;14.5;-3.3180112838745117
39;45800;VEV_5400;14;19;;;;;15;19;;;;;14.5;-3.382030487060547
39;45900;VEV_5400;14;29;;;;;15;29;;;;;14.5;-3.303879737854004
39;46000;VEV_5400;14;17;;;;;15;17;;;;;14.5;-3.3610191345214844
39;46100;VEV_5400;14;16;;;;;15;16;;;;;14.5;-3.4496583938598633
39;46200;VEV_5400;14;19;;;;;15;19;;;;;14.5;-3.3076696395874023
39;46300;VEV_5400;14;18;;;;;16;18;;;;;15.0;-3.125164031982422
39;46400;VEV_5400;14;19;;;;;16;19;;;;;15.0;-2.9735803604125977
39;46500;VEV_5400;14;24;;;;;16;24;;;;;15.0;-3.0490198135375977
39;46600;VEV_5400;14;25;;;;;16;25;;;;;15.0;-2.971959114074707
39;46700;VEV_5400;14;21;;;;;16;21;;;;;15.0;-2.9218015670776367
39;46800;VEV_5400;14;25;;;;;16;25;;;;;15.0;-2.8954105377197266
39;46900;VEV_5400;14;21;;;;;16;21;;;;;15.0;-2.874302864074707
39;47000;VEV_5400;15;10;14;14;;;16;24;;;;;15.5;-2.798553466796875
39;47100;VEV_5400;15;19;;;;;16;19;;;;;15.5;-2.7247486114501953
39;47200;VEV_5400;15;22;;;;;16;22;;;;;15.5;-2.6770858764648438
39;47300;VEV_5400;14;22;;;;;16;22;;;;;15.0;-2.910877227783203
39;47400;VEV_5400;15;23;;;;;16;23;;;;;15.5;-2.748854637145996
39;47500;VEV_5400;15;20;;;;;16;20;;;;;15.5;-2.5947093963623047
39;47600;VEV_5400;15;21;;;;;16;21;;;;;15.5;-2.5811595916748047
39;47700;VEV_5400;15;24;;;;;16;24;;;;;15.5;-2.7665786743164062
39;47800;VEV_5400;14;21;;;;;16;21;;;;;15.0;-2.853053092956543
39;47900;VEV_5400;15;7;14;15;;;16;22;;;;;15.5;-2.799790382385254
39;48000;VEV_5400;15;25;;;;;16;25;;;;;15.5;-2.677506446838379
39;48100;VEV_5400;14;20;;;;;16;20;;;;;15.0;-2.927676200866699
39;48200;VEV_5400;15;26;;;;;16;26;;;;;15.5;-2.6803483963012695
39;48300;VEV_5400;15;5;14;10;;;16;15;;;;;15.5;-2.8169126510620117
39;48400;VEV_5400;14;22;;;;;16;22;;;;;15.0;-2.878734588623047
39;48500;VEV_5400;15;9;14;19;;;16;28;;;;;15.5;-2.776583671569824
39;48600;VEV_5400;15;18;;;;;16;18;;;;;15.5;-2.7601633071899414
39;48700;VEV_5400;15;10;14;17;;;16;27;;;;;15.5;-2.782280921936035
39;48800;VEV_5400;14;19;;;;;16;19;;;;;15.0;-2.875535011291504
39;48900;VEV_5400;14;26;;;;;16;26;;;;;15.0;-2.9682493209838867
39;49000;VEV_5400;14;21;;;;;16;21;;;;;15.0;-3.0539026260375977
39;49100;VEV_5400;14;25;;;;;16;25;;;;;15.0;-2.9147262573242188
39;49200;VEV_5400;14;19;;;;;16;19;;;;;15.0;-3.0362348556518555
39;49300;VEV_5400;14;26;;;;;16;26;;;;;15.0;-2.9186344146728516
39;49400;VEV_5400;15;23;;;;;16;23;;;;;15.5;-2.6970863342285156
39;49500;VEV_5400;14;27;;;;;16;27;;;;;15.0;-2.887209892272949
39;49600;VEV_5400;14;25;;;;;16;25;;;;;15.0;-2.976853370666504
39;49700;VEV_5400;14;20;;;;;16;20;;;;;15.0;-2.8385086059570312
39;49800;VEV_5400;14;24;;;;;16;24;;;;;15.0;-2.887270927429199
39;49900;VEV_5400;15;18;;;;;16;18;;;;;15.5;-2.5987491607666016
39;50000;VEV_5400;15;21;;;;;16;21;;;;;15.5;-2.597893714904785
39;50100;VEV_5400;15;21;;;;;16;21;;;;;15.5;-2.527297019958496
39;50200;VEV_5400;15;6;14;12;;;16;18;;;;;15.5;-2.8073654174804688
39;50300;VEV_5400;14;25;;;;;16;25;;;;;15.0;-2.856583595275879
39;50400;VEV_5400;15;28;;;;;16;28;;;;;15.5;-2.6530113220214844
39;50500;VEV_5400;15;19;;;;;16;19;;;;;15.5;-2.7263050079345703
39;50600;VEV_5400;15;19;;;;;16;19;;;;;15.5;-2.4728736877441406
39;50700;VEV_5400;15;20;;;;;16;20;;;;;15.5;-2.4188756942749023
39;50800;VEV_5400;15;17;;;;;17;17;;;;;16.0;-1.9659366607666016
39;50900;VEV_5400;16;21;;;;;17;21;;;;;16.5;-1.719564437866211
39;51000;VEV_5400;15;23;;;;;17;23;;;;;16.0;-1.9452056884765625
39;51100;VEV_5400;15;20;;;;;17;20;;;;;16.0;-1.9906768798828125
39;51200;VEV_5400;15;24;;;;;17;24;;;;;16.0;-2.156972885131836
39;51300;VEV_5400;15;22;;;;;17;22;;;;;16.0;-1.8663482666015625
39;51400;VEV_5400;15;28;;;;;17;28;;;;;16.0;-1.9146156311035156
39;51500;VEV_5400;15;24;;;;;17;24;;;;;16.0;-2.1585187911987305
39;51600;VEV_5400;15;19;;;;;17;19;;;;;16.0;-1.8930072784423828
39;51700;VEV_5400;15;20;;;;;16;20;;;;;15.5;-2.2513389587402344
39;51800;VEV_5400;15;19;;;;;16;19;;;;;15.5;-2.2484617233276367
39;51900;VEV_5400;15;19;;;;;16;19;;;;;15.5;-2.438906669616699
39;52000;VEV_5400;15;23;;;;;16;23;;;;;15.5;-2.4922075271606445
39;52100;VEV_5400;15;26;;;;;16;26;;;;;15.5;-2.315260887145996
39;52200;VEV_5400;15;23;;;;;16;23;;;;;15.5;-2.433504104614258
39;52300;VEV_5400;15;25;;;;;16;25;;;;;15.5;-2.3185014724731445
39;52400;VEV_5400;15;20;;;;;16;20;;;;;15.5;-2.384341239929199
39;52500;VEV_5400;15;21;;;;;16;21;;;;;15.5;-2.6385269165039062
39;52600;VEV_5400;15;21;;;;;16;21;;;;;15.5;-2.736203193664551
39;52700;VEV_5400;14;15;;;;;16;15;;;;;15.0;-2.878805160522461
39;52800;VEV_5400;14;30;;;;;16;30;;;;;15.0;-2.8899526596069336
39;52900;VEV_5400;14;21;;;;;15;5;16;21;;;14.5;-2.8729095458984375
39;53000;VEV_5400;14;25;;;;;16;25;;;;;15.0;-3.0284175872802734
39;53100;VEV_5400;15;19;;;;;16;19;;;;;15.5;-2.7291202545166016
39;53200;VEV_5400;15;24;;;;;16;24;;;;;15.5;-2.5914363861083984
39;53300;VEV_5400;15;21;;;;;16;21;;;;;15.5;-2.5194740295410156
39;53400;VEV_5400;15;26;;;;;16;26;;;;;15.5;-2.576772689819336
39;53500;VEV_5400;15;19;;;;;16;19;;;;;15.5;-2.729546546936035
39;53600;VEV_5400;14;25;;;;;16;25;;;;;15.0;-2.903639793395996
39;53700;VEV_5400;14;20;;;;;16;20;;;;;15.0;-3.0396738052368164
39;53800;VEV_5400;14;15;;;;;16;15;;;;;15.0;-3.0515594482421875
39;53900;VEV_5400;14;22;;;;;15;8;16;14;;;14.5;-3.1863441467285156
39;54000;VEV_5400;14;21;;;;;15;21;;;;;14.5;-3.470852851867676
39;54100;VEV_5400;14;24;;;;;16;24;;;;;15.0;-3.118511199951172
39;54200;VEV_5400;14;19;;;;;16;19;;;;;15.0;-2.9009294509887695
39;54300;VEV_5400;14;23;;;;;16;23;;;;;15.0;-3.0151968002319336
39;54400;VEV_5400;14;17;;;;;16;17;;;;;15.0;-3.0110015869140625
39;54500;VEV_5400;15;10;14;20;;;16;30;;;;;15.5;-2.791863441467285
39;54600;VEV_5400;15;6;14;16;;;16;22;;;;;15.5;-2.799337387084961
39;54700;VEV_5400;14;23;;;;;16;23;;;;;15.0;-3.0923919677734375
39;54800;VEV_5400;14;22;;;;;16;22;;;;;15.0;-3.0858688354492188
39;54900;VEV_5400;14;19;;;;;15;19;;;;;14.5;-3.303595542907715
39;55000;VEV_5400;14;25;;;;;15;25;;;;;14.5;-3.2565488815307617
39;55100;VEV_5400;14;26;;;;;16;26;;;;;15.0;-3.0749502182006836
39;55200;VEV_5400;14;17;;;;;15;17;;;;;14.5;-3.3543176651000977
39;55300;VEV_5400;14;27;;;;;15;27;;;;;14.5;-3.602205276489258
39;55400;VEV_5400;14;25;;;;;15;25;;;;;14.5;-3.488140106201172
39;55500;VEV_5400;14;20;;;;;15;20;;;;;14.5;-3.51377010345459
39;55600;VEV_5400;14;18;;;;;15;18;;;;;14.5;-3.6326894760131836
39;55700;VEV_5400;14;29;;;;;15;29;;;;;14.5;-3.509725570678711
39;55800;VEV_5400;14;23;;;;;15;23;;;;;14.5;-3.705451011657715
39;55900;VEV_5400;14;26;;;;;15;26;;;;;14.5;-3.711118698120117
39;56000;VEV_5400;13;25;;;;;15;25;;;;;14.0;-3.952639579772949
39;56100;VEV_5400;14;8;13;17;;;15;25;;;;;14.5;-3.7965965270996094
39;56200;VEV_5400;13;22;;;;;15;22;;;;;14.0;-4.06669807434082
39;56300;VEV_5400;13;24;;;;;14;24;;;;;13.5;-4.339775085449219
39;56400;VEV_5400;13;28;;;;;14;28;;;;;13.5;-4.295690536499023
39;56500;VEV_5400;13;25;;;;;14;10;15;15;;;13.5;-4.187531471252441
39;56600;VEV_5400;13;28;;;;;14;28;;;;;13.5;-4.233726501464844
39;56700;VEV_5400;13;15;;;;;14;15;;;;;13.5;-4.371491432189941
39;56800;VEV_5400;13;26;;;;;14;26;;;;;13.5;-4.228570938110352
39;56900;VEV_5400;13;24;;;;;15;24;;;;;14.0;-4.103595733642578
39;57000;VEV_5400;13;28;;;;;14;28;;;;;13.5;-4.343686103820801
39;57100;VEV_5400;13;28;;;;;14;28;;;;;13.5;-4.600062370300293
39;57200;VEV_5400;13;22;;;;;14;22;;;;;13.5;-4.602766990661621
39;57300;VEV_5400;13;18;;;;;14;18;;;;;13.5;-4.766813278198242
39;57400;VEV_5400;13;18;;;;;14;18;;;;;13.5;-4.770157814025879
39;57500;VEV_5400;13;22;;;;;14;22;;;;;13.5;-4.693333625793457
39;57600;VEV_5400;13;29;;;;;14;29;;;;;13.5;-4.794194221496582
39;57700;VEV_5400;13;24;;;;;14;24;;;;;13.5;-4.771376609802246
39;57800;VEV_5400;13;22;;;;;14;22;;;;;13.5;-4.786114692687988
39;57900;VEV_5400;13;8;12;16;;;14;24;;;;;13.5;-4.807068824768066
39;58000;VEV_5400;12;23;;;;;14;23;;;;;13.0;-4.9398040771484375
39;58100;VEV_5400;13;23;;;;;14;23;;;;;13.5;-4.775208473205566
39;58200;VEV_5400;13;28;;;;;14;28;;;;;13.5;-4.557164192199707
39;58300;VEV_5400;13;22;;;;;14;22;;;;;13.5;-4.795530319213867
39;58400;VEV_5400;12;19;;;;;14;19;;;;;13.0;-5.027183532714844
39;58500;VEV_5400;12;24;;;;;14;24;;;;;13.0;-5.019392967224121
39;58600;VEV_5400;12;25;;;;;14;25;;;;;13.0;-5.036266326904297
39;58700;VEV_5400;12;19;;;;;13;19;;;;;12.5;-5.335015296936035
39;58800;VEV_5400;12;25;;;;;13;25;;;;;12.5;-5.666563034057617
39;58900;VEV_5400;12;25;;;;;13;25;;;;;12.5;-5.798925399780273
39;59000;VEV_5400;12;26;;;;;13;26;;;;;12.5;-5.740806579589844
39;59100;VEV_5400;11;24;;;;;13;24;;;;;12.0;-5.859188079833984
39;59200;VEV_5400;11;28;;;;;13;28;;;;;12.0;-6.0039472579956055
39;59300;VEV_5400;12;24;;;;;13;24;;;;;12.5;-5.745062828063965
39;59400;VEV_5400;12;21;;;;;13;21;;;;;12.5;-5.806180953979492
39;59500;VEV_5400;11;21;;;;;13;21;;;;;12.0;-5.960131645202637
39;59600;VEV_5400;11;17;;;;;13;17;;;;;12.0;-6.0242204666137695
39;59700;VEV_5400;11;21;;;;;13;21;;;;;12.0;-6.0267133712768555
39;59800;VEV_5400;12;24;;;;;13;24;;;;;12.5;-5.816587448120117
39;59900;VEV_5400;11;19;;;;;13;19;;;;;12.0;-5.9194746017456055
39;60000;VEV_5400;12;22;;;;;13;22;;;;;12.5;-5.690402984619141
39;60100;VEV_5400;12;21;;;;;13;21;;;;;12.5;-5.765876770019531
39;60200;VEV_5400;12;19;;;;;13;19;;;;;12.5;-5.772920608520508
39;60300;VEV_5400;11;24;;;;;13;24;;;;;12.0;-5.862060546875
39;60400;VEV_5400;12;22;;;;;13;22;;;;;12.5;-5.5986127853393555
39;60500;VEV_5400;12;19;;;;;13;19;;;;;12.5;-5.561992645263672
39;60600;VEV_5400;12;23;;;;;13;23;;;;;12.5;-5.374627113342285
39;60700;VEV_5400;12;29;;;;;13;29;;;;;12.5;-5.405482292175293
39;60800;VEV_5400;12;22;;;;;13;22;;;;;12.5;-5.2135114669799805
39;60900;VEV_5400;12;18;;;;;13;18;;;;;12.5;-5.247169494628906
39;61000;VEV_5400;12;20;;;;;13;20;;;;;12.5;-5.222404479980469
39;61100;VEV_5400;12;22;;;;;14;22;;;;;13.0;-5.019710540771484
39;61200;VEV_5400;13;6;12;13;;;14;19;;;;;13.5;-4.831903457641602
39;61300;VEV_5400;12;22;;;;;14;22;;;;;13.0;-4.844134330749512
39;61400;VEV_5400;13;3;12;27;;;14;27;;;;;13.5;-4.860816955566406
39;61500;VEV_5400;12;21;;;;;14;21;;;;;13.0;-4.954145431518555
39;61600;VEV_5400;12;26;;;;;14;26;;;;;13.0;-5.003580093383789
39;61700;VEV_5400;13;23;;;;;14;23;;;;;13.5;-4.781771659851074
39;61800;VEV_5400;13;24;;;;;14;24;;;;;13.5;-4.725449562072754
39;61900;VEV_5400;13;22;;;;;14;22;;;;;13.5;-4.59464168548584
39;62000;VEV_5400;13;29;;;;;14;29;;;;;13.5;-4.711228370666504
39;62100;VEV_5400;13;5;12;18;;;14;23;;;;;13.5;-4.835807800292969
39;62200;VEV_5400;13;21;;;;;14;21;;;;;13.5;-4.784000396728516
39;62300;VEV_5400;12;20;;;;;14;20;;;;;13.0;-4.849936485290527
39;62400;VEV_5400;12;30;;;;;14;30;;;;;13.0;-4.872387886047363
39;62500;VEV_5400;13;22;;;;;14;22;;;;;13.5;-4.790454864501953
39;62600;VEV_5400;13;23;;;;;14;23;;;;;13.5;-4.670424461364746
39;62700;VEV_5400;13;21;;;;;14;21;;;;;13.5;-4.528569221496582
39;62800;VEV_5400;13;18;;;;;14;18;;;;;13.5;-4.619726181030273
39;62900;VEV_5400;13;18;;;;;14;18;;;;;13.5;-4.6251220703125
39;63000;VEV_5400;13;24;;;;;14;24;;;;;13.5;-4.635058403015137
39;63100;VEV_5400;13;29;;;;;14;29;;;;;13.5;-4.620119094848633
39;63200;VEV_5400;13;18;;;;;14;7;15;11;;;13.5;-4.179145812988281
39;63300;VEV_5400;13;23;;;;;14;23;;;;;13.5;-4.274886131286621
39;63400;VEV_5400;13;18;;;;;15;18;;;;;14.0;-4.038027763366699
39;63500;VEV_5400;13;24;;;;;15;24;;;;;14.0;-4.0521440505981445
39;63600;VEV_5400;13;17;;;;;15;17;;;;;14.0;-4.0665283203125
39;63700;VEV_5400;13;24;;;;;14;24;;;;;13.5;-4.3011884689331055
39;63800;VEV_5400;13;19;;;;;14;9;15;10;;;13.5;-4.193605422973633
39;63900;VEV_5400;13;25;;;;;14;25;;;;;13.5;-4.371701240539551
39;64000;VEV_5400;13;24;;;;;15;24;;;;;14.0;-4.105197906494141
39;64100;VEV_5400;13;28;;;;;15;28;;;;;14.0;-4.143390655517578
39;64200;VEV_5400;13;28;;;;;15;28;;;;;14.0;-3.9857873916625977
39;64300;VEV_5400;13;20;;;;;15;20;;;;;14.0;-4.13347053527832
39;64400;VEV_5400;13;16;;;;;15;16;;;;;14.0;-3.8765487670898438
39;64500;VEV_5400;13;19;;;;;15;19;;;;;14.0;-3.9168577194213867
39;64600;VEV_5400;14;23;;;;;15;23;;;;;14.5;-3.7718124389648438
39;64700;VEV_5400;13;18;;;;;15;18;;;;;14.0;-4.07415771484375
39;64800;VEV_5400;13;16;;;;;14;6;15;10;;;13.5;-4.200009346008301
39;64900;VEV_5400;13;22;;;;;14;22;;;;;13.5;-4.25267219543457
39;65000;VEV_5400;13;27;;;;;14;27;;;;;13.5;-4.502986907958984
39;65100;VEV_5400;13;21;;;;;14;21;;;;;13.5;-4.338622093200684
39;65200;VEV_5400;13;29;;;;;14;29;;;;;13.5;-4.331113815307617
39;65300;VEV_5400;13;22;;;;;14;17;;;;;13.5;-4.217589378356934
39;65400;VEV_5400;13;19;;;;;14;19;;;;;13.5;-4.262163162231445
39;65500;VEV_5400;13;22;;;;;14;6;15;16;;;13.5;-4.171896934509277
39;65600;VEV_5400;13;22;;;;;15;22;;;;;14.0;-3.955000877380371
39;65700;VEV_5400;13;25;;;;;15;25;;;;;14.0;-3.879823684692383
39;65800;VEV_5400;13;23;;;;;15;23;;;;;14.0;-4.023301124572754
39;65900;VEV_5400;13;20;;;;;15;20;;;;;14.0;-4.019148826599121
39;66000;VEV_5400;13;25;;;;;14;25;;;;;13.5;-4.240301132202148
39;66100;VEV_5400;13;29;;;;;15;29;;;;;14.0;-3.9888858795166016
39;66200;VEV_5400;13;28;;;;;15;28;;;;;14.0;-4.038256645202637
39;66300;VEV_5400;13;23;;;;;15;23;;;;;14.0;-4.108159065246582
39;66400;VEV_5400;13;19;;;;;14;19;;;;;13.5;-4.30415153503418
39;66500;VEV_5400;13;20;;;;;14;20;;;;;13.5;-4.232908248901367
39;66600;VEV_5400;13;29;;;;;15;29;;;;;14.0;-3.9312095642089844
39;66700;VEV_5400;14;20;;;;;15;20;;;;;14.5;-3.646604537963867
39;66800;VEV_5400;14;24;;;;;15;24;;;;;14.5;-3.5524940490722656
39;66900;VEV_5400;14;17;;;;;15;17;;;;;14.5;-3.612386703491211
39;67000;VEV_5400;14;23;;;;;15;23;;;;;14.5;-3.5460824966430664
39;67100;VEV_5400;14;22;;;;;15;22;;;;;14.5;-3.375049591064453
39;67200;VEV_5400;14;16;;;;;15;16;;;;;14.5;-3.3669967651367188
39;67300;VEV_5400;14;25;;;;;15;25;;;;;14.5;-3.442641258239746
39;67400;VEV_5400;14;26;;;;;15;26;;;;;14.5;-3.277608871459961
39;67500;VEV_5400;14;29;;;;;16;29;;;;;15.0;-3.1446056365966797
39;67600;VEV_5400;14;27;;;;;16;27;;;;;15.0;-2.8243865966796875
39;67700;VEV_5400;15;25;;;;;16;25;;;;;15.5;-2.729351043701172
39;67800;VEV_5400;14;25;;;;;16;25;;;;;15.0;-2.8636856079101562
39;67900;VEV_5400;14;29;;;;;16;29;;;;;15.0;-2.892430305480957
39;68000;VEV_5400;15;7;14;13;;;16;20;;;;;15.5;-2.791924476623535
39;68100;VEV_5400;14;21;;;;;16;21;;;;;15.0;-2.8658618927001953
39;68200;VEV_5400;14;18;;;;;16;18;;;;;15.0;-2.9570436477661133
39;68300;VEV_5400;14;25;;;;;16;25;;;;;15.0;-3.0264930725097656
39;68400;VEV_5400;14;30;;;;;15;10;16;20;;;14.5;-3.202235221862793
39;68500;VEV_5400;14;20;;;;;15;20;;;;;14.5;-3.3313093185424805
39;68600;VEV_5400;14;16;;;;;15;16;;;;;14.5;-3.488840103149414
39;68700;VEV_5400;14;17;;;;;15;17;;;;;14.5;-3.573009490966797
39;68800;VEV_5400;14;5;13;19;;;15;24;;;;;14.5;-3.8177175521850586
39;68900;VEV_5400;13;18;;;;;15;18;;;;;14.0;-3.907485008239746
39;69000;VEV_5400;14;25;;;;;15;25;;;;;14.5;-3.6404428482055664
39;69100;VEV_5400;14;23;;;;;15;23;;;;;14.5;-3.737344741821289
39;69200;VEV_5400;13;24;;;;;15;24;;;;;14.0;-3.8599491119384766
39;69300;VEV_5400;14;26;;;;;15;26;;;;;14.5;-3.6819725036621094
39;69400;VEV_5400;13;27;;;;;15;27;;;;;14.0;-3.9021987915039062
39;69500;VEV_5400;14;30;;;;;15;30;;;;;14.5;-3.5343618392944336
39;69600;VEV_5400;14;30;;;;;16;30;;;;;15.0;-3.112320899963379
39;69700;VEV_5400;14;24;;;;;15;24;;;;;14.5;-3.2901697158813477
39;69800;VEV_5400;14;17;;;;;15;17;;;;;14.5;-3.241093635559082
39;69900;VEV_5400;14;20;;;;;16;20;;;;;15.0;-3.0722427368164062
39;70000;VEV_5400;14;22;;;;;16;22;;;;;15.0;-3.0340824127197266
39;70100;VEV_5400;14;26;;;;;15;26;;;;;14.5;-3.2714157104492188
39;70200;VEV_5400;14;26;;;;;15;26;;;;;14.5;-3.3148488998413086
39;70300;VEV_5400;14;21;;;;;16;21;;;;;15.0;-3.102895736694336
39;70400;VEV_5400;14;19;;;;;16;19;;;;;15.0;-3.0359344482421875
39;70500;VEV_5400;14;23;;;;;16;23;;;;;15.0;-2.998180389404297
39;70600;VEV_5400;14;25;;;;;15;25;;;;;14.5;-3.307112693786621
39;70700;VEV_5400;14;24;;;;;15;24;;;;;14.5;-3.2380218505859375
39;70800;VEV_5400;14;20;;;;;15;20;;;;;14.5;-3.3625707626342773
39;70900;VEV_5400;14;21;;;;;15;21;;;;;14.5;-3.3614015579223633
39;71000;VEV_5400;14;26;;;;;15;26;;;;;14.5;-3.595163345336914
39;71100;VEV_5400;14;27;;;;;15;27;;;;;14.5;-3.575714111328125
39;71200;VEV_5400;14;22;;;;;15;22;;;;;14.5;-3.7283430099487305
39;71300;VEV_5400;14;24;;;;;15;24;;;;;14.5;-3.6837663650512695
39;71400;VEV_5400;13;26;;;;;15;26;;;;;14.0;-4.086874008178711
39;71500;VEV_5400;13;23;;;;;15;23;;;;;14.0;-4.115866661071777
39;71600;VEV_5400;13;25;;;;;15;25;;;;;14.0;-4.028650283813477
39;71700;VEV_5400;13;16;;;;;15;16;;;;;14.0;-4.012564659118652
39;71800;VEV_5400;14;29;;;;;15;29;;;;;14.5;-3.674488067626953
39;71900;VEV_5400;13;23;;;;;15;23;;;;;14.0;-3.892854690551758
39;72000;VEV_5400;14;21;;;;;15;21;;;;;14.5;-3.554286003112793
39;72100;VEV_5400;14;25;;;;;15;25;;;;;14.5;-3.3882570266723633
39;72200;VEV_5400;14;20;;;;;16;20;;;;;15.0;-3.130910873413086
39;72300;VEV_5400;14;23;;;;;16;23;;;;;15.0;-3.1547555923461914
39;72400;VEV_5400;14;27;;;;;16;27;;;;;15.0;-3.1400136947631836
39;72500;VEV_5400;14;29;;;;;16;29;;;;;15.0;-2.938810348510742
39;72600;VEV_5400;14;23;;;;;16;23;;;;;15.0;-2.8309993743896484
39;72700;VEV_5400;14;21;;;;;16;21;;;;;15.0;-2.8931751251220703
39;72800;VEV_5400;14;19;;;;;16;19;;;;;15.0;-2.8667116165161133
39;72900;VEV_5400;14;26;;;;;16;26;;;;;15.0;-3.047199249267578
39;73000;VEV_5400;14;23;;;;;16;23;;;;;15.0;-3.138172149658203
39;73100;VEV_5400;14;27;;;;;16;27;;;;;15.0;-2.936931610107422
39;73200;VEV_5400;14;28;;;;;15;28;;;;;14.5;-3.2338485717773438
39;73300;VEV_5400;14;20;;;;;15;20;;;;;14.5;-3.3638925552368164
39;73400;VEV_5400;14;28;;;;;15;28;;;;;14.5;-3.4551687240600586
39;73500;VEV_5400;14;16;;;;;15;16;;;;;14.5;-3.560802459716797
39;73600;VEV_5400;14;23;;;;;15;23;;;;;14.5;-3.46450138092041
39;73700;VEV_5400;14;27;;;;;15;27;;;;;14.5;-3.3085079193115234
39;73800;VEV_5400;14;27;;;;;15;27;;;;;14.5;-3.397669792175293
39;73900;VEV_5400;14;27;;;;;15;27;;;;;14.5;-3.222659111022949
39;74000;VEV_5400;14;24;;;;;15;24;;;;;14.5;-3.480276107788086
39;74100;VEV_5400;14;25;;;;;15;25;;;;;14.5;-3.372598648071289
39;74200;VEV_5400;14;26;;;;;15;26;;;;;14.5;-3.3755340576171875
39;74300;VEV_5400;14;28;;;;;15;28;;;;;14.5;-3.239652633666992
39;74400;VEV_5400;14;29;;;;;15;29;;;;;14.5;-3.3010683059692383
39;74500;VEV_5400;14;20;;;;;15;20;;;;;14.5;-3.3653573989868164
39;74600;VEV_5400;14;21;;;;;15;21;;;;;14.5;-3.361879348754883
39;74700;VEV_5400;14;24;;;;;15;24;;;;;14.5;-3.418306350708008
39;74800;VEV_5400;14;17;;;;;15;17;;;;;14.5;-3.5376739501953125
39;74900;VEV_5400;14;24;;;;;15;24;;;;;14.5;-3.486954689025879
39;75000;VEV_5400;14;27;;;;;15;27;;;;;14.5;-3.4221954345703125
39;75100;VEV_5400;14;20;;;;;15;20;;;;;14.5;-3.6842269897460938
39;75200;VEV_5400;14;20;;;;;15;24;;;;;14.5;-3.5848388671875
39;75300;VEV_5400;14;5;13;17;;;15;22;;;;;14.5;-3.787144660949707
39;75400;VEV_5400;14;24;;;;;15;24;;;;;14.5;-3.398683547973633
39;75500;VEV_5400;14;24;;;;;15;24;;;;;14.5;-3.446051597595215
39;75600;VEV_5400;14;25;;;;;15;25;;;;;14.5;-3.43704891204834
39;75700;VEV_5400;14;22;;;;;15;22;;;;;14.5;-3.604374885559082
39;75800;VEV_5400;14;26;;;;;15;26;;;;;14.5;-3.570596694946289
39;75900;VEV_5400;14;24;;;;;15;24;;;;;14.5;-3.6648340225219727
39;76000;VEV_5400;14;21;;;;;15;21;;;;;14.5;-3.4457712173461914
39;76100;VEV_5400;14;22;;;;;15;22;;;;;14.5;-3.4389705657958984
39;76200;VEV_5400;13;23;;;;;15;23;;;;;14.0;-3.8547496795654297
39;76300;VEV_5400;14;17;;;;;15;17;;;;;14.5;-3.6066341400146484
39;76400;VEV_5400;14;21;;;;;15;21;;;;;14.5;-3.582853317260742
39;76500;VEV_5400;14;26;;;;;15;26;;;;;14.5;-3.534115791320801
39;76600;VEV_5400;14;20;;;;;15;20;;;;;14.5;-3.5661325454711914
39;76700;VEV_5400;14;23;;;;;15;23;;;;;14.5;-3.557344436645508
39;76800;VEV_5400;14;23;;;;;15;23;;;;;14.5;-3.7731027603149414
39;76900;VEV_5400;13;19;;;;;15;19;;;;;14.0;-3.8761024475097656
39;77000;VEV_5400;13;20;;;;;15;20;;;;;14.0;-3.9021263122558594
39;77100;VEV_5400;13;20;;;;;15;20;;;;;14.0;-4.057149887084961
39;77200;VEV_5400;13;21;;;;;15;21;;;;;14.0;-4.084424018859863
39;77300;VEV_5400;13;27;;;;;14;27;;;;;13.5;-4.228939056396484
39;77400;VEV_5400;13;24;;;;;14;5;15;19;;;13.5;-4.203457832336426
39;77500;VEV_5400;13;26;;;;;15;26;;;;;14.0;-3.917881965637207
39;77600;VEV_5400;13;28;;;;;15;28;;;;;14.0;-3.8883399963378906
39;77700;VEV_5400;13;18;;;;;15;18;;;;;14.0;-3.9465017318725586
39;77800;VEV_5400;14;20;;;;;15;20;;;;;14.5;-3.695953369140625
39;77900;VEV_5400;14;17;;;;;15;17;;;;;14.5;-3.515255928039551
39;78000;VEV_5400;14;6;13;20;;;15;26;;;;;14.5;-3.8167924880981445
39;78100;VEV_5400;14;20;;;;;15;20;;;;;14.5;-3.37149715423584
39;78200;VEV_5400;14;18;;;;;15;18;;;;;14.5;-3.4407901763916016
39;78300;VEV_5400;14;24;;;;;15;24;;;;;14.5;-3.6814537048339844
39;78400;VEV_5400;14;23;;;;;15;23;;;;;14.5;-3.6564512252807617
39;78500;VEV_5400;14;25;;;;;15;25;;;;;14.5;-3.7512807846069336
39;78600;VEV_5400;13;20;;;;;15;20;;;;;14.0;-3.8480873107910156
39;78700;VEV_5400;14;7;13;15;;;15;22;;;;;14.5;-3.7955055236816406
39;78800;VEV_5400;14;29;;;;;15;25;;;;;14.5;-3.575137138366699
39;78900;VEV_5400;14;25;;;;;15;25;;;;;14.5;-3.3820295333862305
39;79000;VEV_5400;14;24;;;;;15;24;;;;;14.5;-3.364373207092285
39;79100;VEV_5400;14;25;;;;;15;25;;;;;14.5;-3.3938369750976562
39;79200;VEV_5400;14;23;;;;;15;23;;;;;14.5;-3.352841377258301
39;79300;VEV_5400;14;20;;;;;16;25;;;;;15.0;-3.0418643951416016
39;79400;VEV_5400;14;25;;;;;16;25;;;;;15.0;-3.0423192977905273
39;79500;VEV_5400;14;19;;;;;15;6;16;13;;;14.5;-3.187173843383789
39;79600;VEV_5400;14;23;;;;;16;23;;;;;15.0;-2.959259033203125
39;79700;VEV_5400;14;26;;;;;15;26;;;;;14.5;-3.246384620666504
39;79800;VEV_5400;14;21;;;;;16;21;;;;;15.0;-3.1534128189086914
39;79900;VEV_5400;14;21;;;;;16;21;;;;;15.0;-3.061838150024414
39;80000;VEV_5400;15;23;;;;;16;23;;;;;15.5;-2.702709197998047
39;80100;VEV_5400;15;24;;;;;16;24;;;;;15.5;-2.307009696960449
39;80200;VEV_5400;15;20;;;;;16;20;;;;;15.5;-2.480134963989258
39;80300;VEV_5400;15;24;;;;;16;24;;;;;15.5;-2.4706544876098633
39;80400;VEV_5400;15;27;;;;;17;27;;;;;16.0;-2.1535558700561523
39;80500;VEV_5400;15;17;;;;;17;17;;;;;16.0;-2.074151039123535
39;80600;VEV_5400;15;18;;;;;17;18;;;;;16.0;-2.130401611328125
39;80700;VEV_5400;15;30;;;;;16;30;;;;;15.5;-2.2400712966918945
39;80800;VEV_5400;15;21;;;;;17;21;;;;;16.0;-1.937570571899414
39;80900;VEV_5400;15;25;;;;;17;25;;;;;16.0;-1.9628772735595703
39;81000;VEV_5400;16;9;15;17;;;17;26;;;;;16.5;-1.7978630065917969
39;81100;VEV_5400;16;29;;;;;17;29;;;;;16.5;-1.7550487518310547
39;81200;VEV_5400;16;27;;;;;17;27;;;;;16.5;-1.7180004119873047
39;81300;VEV_5400;16;6;15;17;;;17;23;;;;;16.5;-1.7987079620361328
39;81400;VEV_5400;16;20;;;;;17;20;;;;;16.5;-1.7527503967285156
39;81500;VEV_5400;16;24;;;;;17;24;;;;;16.5;-1.5296630859375
39;81600;VEV_5400;16;27;;;;;17;27;;;;;16.5;-1.5375099182128906
39;81700;VEV_5400;16;20;;;;;17;20;;;;;16.5;-1.6673049926757812
39;81800;VEV_5400;16;22;;;;;17;22;;;;;16.5;-1.5904808044433594
39;81900;VEV_5400;16;19;;;;;17;19;;;;;16.5;-1.2881603240966797
39;82000;VEV_5400;16;24;;;;;18;24;;;;;17.0;-0.8772315979003906
39;82100;VEV_5400;17;22;;;;;18;22;;;;;17.5;-0.6086978912353516
39;82200;VEV_5400;17;17;;;;;18;17;;;;;17.5;-0.31083106994628906
39;82300;VEV_5400;17;17;;;;;18;17;;;;;17.5;-0.29526329040527344
39;82400;VEV_5400;17;22;;;;;18;22;;;;;17.5;-0.2759075164794922
39;82500;VEV_5400;17;28;;;;;18;28;;;;;17.5;-0.6133041381835938
39;82600;VEV_5400;17;23;;;;;18;23;;;;;17.5;-0.38426971435546875
39;82700;VEV_5400;17;25;;;;;18;25;;;;;17.5;-0.5882511138916016
39;82800;VEV_5400;16;18;;;;;18;18;;;;;17.0;-0.8715229034423828
39;82900;VEV_5400;16;16;;;;;18;16;;;;;17.0;-1.1447086334228516
39;83000;VEV_5400;16;23;;;;;18;23;;;;;17.0;-1.1122512817382812
39;83100;VEV_5400;16;19;;;;;17;19;;;;;16.5;-1.3388290405273438
39;83200;VEV_5400;16;20;;;;;17;20;;;;;16.5;-1.4978065490722656
39;83300;VEV_5400;16;19;;;;;17;19;;;;;16.5;-1.5761795043945312
39;83400;VEV_5400;16;27;;;;;17;27;;;;;16.5;-1.3360271453857422
39;83500;VEV_5400;16;16;;;;;18;16;;;;;17.0;-1.1236610412597656
39;83600;VEV_5400;16;19;;;;;17;7;18;12;;;16.5;-1.2329216003417969
39;83700;VEV_5400;16;26;;;;;17;26;;;;;16.5;-1.3906917572021484
39;83800;VEV_5400;16;27;;;;;18;27;;;;;17.0;-1.1222362518310547
39;83900;VEV_5400;16;18;;;;;18;18;;;;;17.0;-1.0758533477783203
39;84000;VEV_5400;16;22;;;;;18;22;;;;;17.0;-1.1190910339355469
39;84100;VEV_5400;16;23;;;;;18;23;;;;;17.0;-0.9686164855957031
39;84200;VEV_5400;16;24;;;;;18;24;;;;;17.0;-0.9727916717529297
39;84300;VEV_5400;16;26;;;;;18;26;;;;;17.0;-0.9334011077880859
39;84400;VEV_5400;17;15;;;;;18;15;;;;;17.5;-0.6135463714599609
39;84500;VEV_5400;17;21;;;;;19;21;;;;;18.0;-0.21319198608398438
39;84600;VEV_5400;17;26;;;;;19;26;;;;;18.0;-0.06693840026855469
39;84700;VEV_5400;18;17;;;;;19;17;;;;;18.5;0.31903648376464844
39;84800;VEV_5400;17;21;;;;;19;21;;;;;18.0;-0.014619827270507812
39;84900;VEV_5400;17;21;;;;;18;21;;;;;17.5;-0.5630378723144531
39;85000;VEV_5400;16;22;;;;;18;22;;;;;17.0;-0.8683242797851562
39;85100;VEV_5400;16;19;;;;;18;19;;;;;17.0;-1.1145877838134766
39;85200;VEV_5400;16;21;;;;;18;21;;;;;17.0;-1.0925922393798828
39;85300;VEV_5400;16;21;;;;;18;21;;;;;17.0;-1.1031932830810547
39;85400;VEV_5400;16;16;;;;;18;16;;;;;17.0;-1.1240577697753906
39;85500;VEV_5400;17;22;;;;;18;22;;;;;17.5;-0.6959362030029297
39;85600;VEV_5400;17;20;;;;;18;20;;;;;17.5;-0.6833934783935547
39;85700;VEV_5400;17;24;;;;;18;24;;;;;17.5;-0.4310894012451172
39;85800;VEV_5400;16;18;;;;;18;18;;;;;17.0;-0.8394660949707031
39;85900;VEV_5400;16;28;;;;;18;28;;;;;17.0;-1.0541152954101562
39;86000;VEV_5400;16;19;;;;;18;19;;;;;17.0;-0.9148006439208984
39;86100;VEV_5400;17;23;;;;;18;23;;;;;17.5;-0.7070217132568359
39;86200;VEV_5400;17;7;16;13;;;18;20;;;;;17.5;-0.7714900970458984
39;86300;VEV_5400;16;20;;;;;18;20;;;;;17.0;-0.8401050567626953
39;86400;VEV_5400;17;18;;;;;18;18;;;;;17.5;-0.6845264434814453
39;86500;VEV_5400;17;20;;;;;18;20;;;;;17.5;-0.6393909454345703
39;86600;VEV_5400;16;27;;;;;18;27;;;;;17.0;-0.8970527648925781
39;86700;VEV_5400;16;20;;;;;18;20;;;;;17.0;-1.089548110961914
39;86800;VEV_5400;16;30;;;;;18;30;;;;;17.0;-1.1269454956054688
39;86900;VEV_5400;16;24;;;;;18;24;;;;;17.0;-0.8706245422363281
39;87000;VEV_5400;16;17;;;;;18;17;;;;;17.0;-0.9037609100341797
39;87100;VEV_5400;17;25;;;;;18;25;;;;;17.5;-0.6407814025878906
39;87200;VEV_5400;17;22;;;;;18;22;;;;;17.5;-0.7279167175292969
39;87300;VEV_5400;17;23;;;;;18;23;;;;;17.5;-0.5442657470703125
39;87400;VEV_5400;17;23;;;;;18;23;;;;;17.5;-0.5114498138427734
39;87500;VEV_5400;17;19;;;;;18;19;;;;;17.5;-0.4864635467529297
39;87600;VEV_5400;17;26;;;;;18;26;;;;;17.5;-0.46026611328125
39;87700;VEV_5400;17;17;;;;;18;17;;;;;17.5;-0.5717945098876953
39;87800;VEV_5400;17;24;;;;;18;24;;;;;17.5;-0.6029529571533203
39;87900;VEV_5400;17;21;;;;;18;21;;;;;17.5;-0.4420166015625
39;88000;VEV_5400;17;27;;;;;18;27;;;;;17.5;-0.5882587432861328
39;88100;VEV_5400;16;16;;;;;18;16;;;;;17.0;-0.8478908538818359
39;88200;VEV_5400;16;27;;;;;18;27;;;;;17.0;-0.8737392425537109
39;88300;VEV_5400;16;28;;;;;18;28;;;;;17.0;-1.0558490753173828
39;88400;VEV_5400;16;21;;;;;18;21;;;;;17.0;-1.029867172241211
39;88500;VEV_5400;17;7;16;12;;;18;19;;;;;17.5;-0.7917404174804688
39;88600;VEV_5400;17;19;;;;;18;19;;;;;17.5;-0.7031211853027344
39;88700;VEV_5400;17;22;;;;;18;22;;;;;17.5;-0.7137279510498047
39;88800;VEV_5400;17;15;;;;;18;15;;;;;17.5;-0.7190952301025391
39;88900;VEV_5400;17;21;;;;;18;21;;;;;17.5;-0.5595207214355469
39;89000;VEV_5400;16;21;;;;;18;21;;;;;17.0;-0.8489360809326172
39;89100;VEV_5400;16;22;;;;;18;22;;;;;17.0;-1.0407657623291016
39;89200;VEV_5400;17;27;;;;;18;27;;;;;17.5;-0.7279777526855469
39;89300;VEV_5400;16;24;;;;;18;24;;;;;17.0;-0.8361148834228516
39;89400;VEV_5400;16;21;;;;;18;21;;;;;17.0;-0.8347625732421875
39;89500;VEV_5400;16;24;;;;;18;24;;;;;17.0;-0.9696502685546875
39;89600;VEV_5400;16;20;;;;;18;20;;;;;17.0;-1.1271915435791016
39;89700;VEV_5400;16;20;;;;;17;20;;;;;16.5;-1.422760009765625
39;89800;VEV_5400;16;21;;;;;17;21;;;;;16.5;-1.2611503601074219
39;89900;VEV_5400;16;23;;;;;18;23;;;;;17.0;-1.1245651245117188
39;90000;VEV_5400;16;23;;;;;18;23;;;;;17.0;-1.0877399444580078
39;90100;VEV_5400;16;15;;;;;18;15;;;;;17.0;-1.163543701171875
39;90200;VEV_5400;16;18;;;;;18;18;;;;;17.0;-1.1298332214355469
39;90300;VEV_5400;16;20;;;;;18;20;;;;;17.0;-1.1802978515625
39;90400;VEV_5400;16;18;;;;;18;18;;;;;17.0;-0.9671821594238281
39;90500;VEV_5400;16;24;;;;;18;24;;;;;17.0;-1.0340557098388672
39;90600;VEV_5400;16;23;;;;;17;23;;;;;16.5;-1.2560882568359375
39;90700;VEV_5400;16;17;;;;;17;17;;;;;16.5;-1.3285408020019531
39;90800;VEV_5400;16;18;;;;;17;18;;;;;16.5;-1.625558853149414
39;90900;VEV_5400;16;19;;;;;17;19;;;;;16.5;-1.5154914855957031
39;91000;VEV_5400;16;24;;;;;17;24;;;;;16.5;-1.748086929321289
39;91100;VEV_5400;16;20;;;;;17;20;;;;;16.5;-1.720062255859375
39;91200;VEV_5400;16;17;;;;;17;17;;;;;16.5;-1.7282085418701172
39;91300;VEV_5400;16;25;;;;;17;25;;;;;16.5;-1.4234066009521484
39;91400;VEV_5400;16;23;;;;;18;23;;;;;17.0;-1.0832252502441406
39;91500;VEV_5400;16;27;;;;;17;8;18;19;;;16.5;-1.2174243927001953
39;91600;VEV_5400;16;29;;;;;18;29;;;;;17.0;-1.1015205383300781
39;91700;VEV_5400;16;22;;;;;17;22;;;;;16.5;-1.3760356903076172
39;91800;VEV_5400;16;19;;;;;17;19;;;;;16.5;-1.356130599975586
39;91900;VEV_5400;16;22;;;;;17;22;;;;;16.5;-1.4965896606445312
39;92000;VEV_5400;16;26;;;;;18;26;;;;;17.0;-0.9805088043212891
39;92100;VEV_5400;16;19;;;;;17;19;;;;;16.5;-1.2685508728027344
39;92200;VEV_5400;16;27;;;;;18;27;;;;;17.0;-1.0898151397705078
39;92300;VEV_5400;16;28;;;;;17;28;;;;;16.5;-1.3062019348144531
39;92400;VEV_5400;16;18;;;;;17;18;;;;;16.5;-1.3202800750732422
39;92500;VEV_5400;16;26;;;;;18;26;;;;;17.0;-1.188568115234375
39;92600;VEV_5400;16;16;;;;;18;16;;;;;17.0;-1.1011238098144531
39;92700;VEV_5400;16;27;;;;;18;27;;;;;17.0;-1.0345306396484375
39;92800;VEV_5400;17;10;16;15;;;18;25;;;;;17.5;-0.7472457885742188
39;92900;VEV_5400;17;29;;;;;18;29;;;;;17.5;-0.608673095703125
39;93000;VEV_5400;17;20;;;;;18;20;;;;;17.5;-0.5774993896484375
39;93100;VEV_5400;17;25;;;;;18;25;;;;;17.5;-0.5653419494628906
39;93200;VEV_5400;16;25;;;;;18;25;;;;;17.0;-0.8620204925537109
39;93300;VEV_5400;16;28;;;;;18;28;;;;;17.0;-0.9610538482666016
39;93400;VEV_5400;16;25;;;;;18;25;;;;;17.0;-1.1524009704589844
39;93500;VEV_5400;16;17;;;;;18;17;;;;;17.0;-1.0263805389404297
39;93600;VEV_5400;16;16;;;;;17;5;18;11;;;16.5;-1.2080097198486328
39;93700;VEV_5400;16;22;;;;;17;22;;;;;16.5;-1.2627792358398438
39;93800;VEV_5400;17;6;16;12;;;18;18;;;;;17.5;-0.7786083221435547
39;93900;VEV_5400;17;20;;;;;18;20;;;;;17.5;-0.5358562469482422
39;94000;VEV_5400;17;9;16;15;;;18;24;;;;;17.5;-0.7448329925537109
39;94100;VEV_5400;16;24;;;;;18;24;;;;;17.0;-1.0754737854003906
39;94200;VEV_5400;16;19;;;;;18;19;;;;;17.0;-1.0393180847167969
39;94300;VEV_5400;16;26;;;;;18;26;;;;;17.0;-0.9823665618896484
39;94400;VEV_5400;16;20;;;;;18;20;;;;;17.0;-1.142202377319336
39;94500;VEV_5400;16;25;;;;;18;25;;;;;17.0;-1.1005668640136719
39;94600;VEV_5400;16;25;;;;;17;25;;;;;16.5;-1.2722721099853516
39;94700;VEV_5400;16;21;;;;;17;21;;;;;16.5;-1.5713882446289062
39;94800;VEV_5400;15;23;;;;;17;23;;;;;16.0;-1.847036361694336
39;94900;VEV_5400;16;21;;;;;17;21;;;;;16.5;-1.7539749145507812
39;95000;VEV_5400;16;6;15;13;;;17;19;;;;;16.5;-1.7605304718017578
39;95100;VEV_5400;16;17;;;;;17;17;;;;;16.5;-1.6868743896484375
39;95200;VEV_5400;15;25;;;;;16;25;;;;;15.5;-2.2477455139160156
39;95300;VEV_5400;15;20;;;;;16;20;;;;;15.5;-2.4525938034057617
39;95400;VEV_5400;15;19;;;;;16;19;;;;;15.5;-2.2786760330200195
39;95500;VEV_5400;15;23;;;;;17;23;;;;;16.0;-2.179562568664551
39;95600;VEV_5400;15;24;;;;;17;24;;;;;16.0;-2.1437644958496094
39;95700;VEV_5400;15;25;;;;;17;25;;;;;16.0;-2.162569046020508
39;95800;VEV_5400;15;17;;;;;16;17;;;;;15.5;-2.3685693740844727
39;95900;VEV_5400;15;25;;;;;16;25;;;;;15.5;-2.3647937774658203
39;96000;VEV_5400;15;29;;;;;16;29;;;;;15.5;-2.398927688598633
39;96100;VEV_5400;15;29;;;;;16;29;;;;;15.5;-2.327198028564453
39;96200;VEV_5400;15;19;;;;;17;19;;;;;16.0;-2.018106460571289
39;96300;VEV_5400;16;9;15;17;;;17;26;;;;;16.5;-1.7828388214111328
39;96400;VEV_5400;16;26;;;;;17;26;;;;;16.5;-1.5699806213378906
39;96500;VEV_5400;15;25;;;;;17;25;;;;;16.0;-1.8789539337158203
39;96600;VEV_5400;15;22;;;;;17;22;;;;;16.0;-2.1276607513427734
39;96700;VEV_5400;15;17;;;;;17;17;;;;;16.0;-2.0039310455322266
39;96800;VEV_5400;15;16;;;;;17;16;;;;;16.0;-2.111422538757324
39;96900;VEV_5400;15;24;;;;;17;24;;;;;16.0;-1.8461341857910156
39;97000;VEV_5400;15;22;;;;;17;22;;;;;16.0;-2.0077857971191406
39;97100;VEV_5400;15;27;;;;;16;7;17;20;;;15.5;-2.2264833450317383
39;97200;VEV_5400;15;19;;;;;16;6;17;13;;;15.5;-2.2108898162841797
39;97300;VEV_5400;15;23;;;;;16;23;;;;;15.5;-2.3932857513427734
39;97400;VEV_5400;15;25;;;;;16;25;;;;;15.5;-2.5074453353881836
39;97500;VEV_5400;15;23;;;;;16;23;;;;;15.5;-2.359659194946289
39;97600;VEV_5400;15;17;;;;;16;17;;;;;15.5;-2.3112869262695312
39;97700;VEV_5400;15;21;;;;;16;21;;;;;15.5;-2.393059730529785
39;97800;VEV_5400;15;25;;;;;16;25;;;;;15.5;-2.450446128845215
39;97900;VEV_5400;15;24;;;;;16;24;;;;;15.5;-2.393512725830078
39;98000;VEV_5400;15;21;;;;;17;21;;;;;16.0;-2.1771926879882812
39;98100;VEV_5400;16;7;15;11;;;17;18;;;;;16.5;-1.8009071350097656
39;98200;VEV_5400;16;27;;;;;17;27;;;;;16.5;-1.5448989868164062
39;98300;VEV_5400;16;25;;;;;17;25;;;;;16.5;-1.5769405364990234
39;98400;VEV_5400;16;6;15;16;;;17;22;;;;;16.5;-1.7969245910644531
39;98500;VEV_5400;15;24;;;;;17;24;;;;;16.0;-1.821990966796875
39;98600;VEV_5400;16;26;;;;;17;26;;;;;16.5;-1.5666923522949219
39;98700;VEV_5400;16;29;;;;;17;29;;;;;16.5;-1.7522354125976562
39;98800;VEV_5400;15;24;;;;;17;24;;;;;16.0;-1.851980209350586
39;98900;VEV_5400;15;22;;;;;17;22;;;;;16.0;-1.816375732421875
39;99000;VEV_5400;16;24;;;;;17;24;;;;;16.5;-1.7441730499267578
39;99100;VEV_5400;15;26;;;;;17;26;;;;;16.0;-1.9202022552490234
39;99200;VEV_5400;15;16;;;;;17;16;;;;;16.0;-1.954620361328125
39;99300;VEV_5400;15;24;;;;;17;24;;;;;16.0;-2.0703582763671875
39;99400;VEV_5400;15;25;;;;;17;25;;;;;16.0;-1.84100341796875
39;99500;VEV_5400;15;15;;;;;17;15;;;;;16.0;-1.965353012084961
39;99600;VEV_5400;15;19;;;;;17;19;;;;;16.0;-1.9966411590576172
39;99700;VEV_5400;15;25;;;;;17;25;;;;;16.0;-2.1656103134155273
39;99800;VEV_5400;15;24;;;;;17;24;;;;;16.0;-1.9261837005615234
39;99900;VEV_5400;15;21;;;;;17;21;;;;;16.0;-1.8992290496826172
