day;timestamp;product;bid_price_1;bid_volume_1;bid_price_2;bid_volume_2;bid_price_3;bid_volume_3;ask_price_1;ask_volume_1;ask_price_2;ask_volume_2;ask_price_3;ask_volume_3;mid_price;profit_and_loss
39;0;VEV_5300;52;20;;;;;54;20;;;;;53.0;0.0
39;100;VEV_5300;51;25;;;;;53;6;54;19;;;52.0;-1.7070808410644531
39;200;VEV_5300;51;19;;;;;53;6;54;13;;;52.0;-1.643035888671875
39;300;VEV_5300;51;25;;;;;54;25;;;;;52.5;-1.447845458984375
39;400;VEV_5300;51;26;;;;;53;26;;;;;52.0;-2.109355926513672
39;500;VEV_5300;50;19;;;;;52;5;53;14;;;51.0;-2.7167015075683594
39;600;VEV_5300;50;15;49;14;;;52;24;;;;;51.0;-3.262195587158203
39;700;VEV_5300;50;18;;;;;52;18;;;;;51.0;-3.0265045166015625
39;800;VEV_5300;50;20;;;;;52;20;;;;;51.0;-2.9519615173339844
39;900;VEV_5300;50;24;;;;;52;24;;;;;51.0;-2.9195823669433594
39;1000;VEV_5300;50;26;;;;;52;26;;;;;51.0;-2.9855079650878906
39;1100;VEV_5300;50;29;;;;;53;29;;;;;51.5;-2.5996246337890625
39;1200;VEV_5300;50;21;;;;;52;21;;;;;51.0;-3.1765899658203125
39;1300;VEV_5300;50;6;49;10;;;52;16;;;;;51.0;-3.298931121826172
39;1400;VEV_5300;50;21;;;;;53;21;;;;;51.5;-2.457000732421875
39;1500;VEV_5300;51;25;;;;;53;25;;;;;52.0;-2.1952171325683594
39;1600;VEV_5300;51;19;;;;;53;19;;;;;52.0;-2.174072265625
39;1700;VEV_5300;51;26;;;;;54;26;;;;;52.5;-1.5950889587402344
39;1800;VEV_5300;51;21;;;;;53;6;54;15;;;52.0;-1.6899375915527344
39;1900;VEV_5300;51;16;;;;;54;16;;;;;52.5;-1.3872871398925781
39;2000;VEV_5300;52;19;;;;;55;19;;;;;53.5;-0.6067581176757812
39;2100;VEV_5300;53;23;;;;;55;23;;;;;54.0;-0.07262420654296875
39;2200;VEV_5300;52;19;;;;;55;19;;;;;53.5;-0.5698966979980469
39;2300;VEV_5300;53;9;52;18;;;55;27;;;;;54.0;-0.27338409423828125
39;2400;VEV_5300;53;26;;;;;55;10;56;16;;;54.0;0.2892723083496094
39;2500;VEV_5300;54;21;;;;;56;21;;;;;55.0;1.1540298461914062
39;2600;VEV_5300;54;16;;;;;57;16;;;;;55.5;1.34222412109375
39;2700;VEV_5300;54;19;;;;;56;19;;;;;55.0;1.0343666076660156
39;2800;VEV_5300;54;8;53;12;;;56;20;;;;;55.0;0.7895469665527344
39;2900;VEV_5300;53;26;;;;;55;26;;;;;54.0;-0.09494400024414062
39;3000;VEV_5300;53;21;;;;;55;10;56;11;;;54.0;0.3324127197265625
39;3100;VEV_5300;54;23;;;;;56;23;;;;;55.0;1.1313629150390625
39;3200;VEV_5300;54;18;;;;;57;18;;;;;55.5;1.4114990234375
39;3300;VEV_5300;55;6;54;12;;;57;18;;;;;56.0;1.7620353698730469
39;3400;VEV_5300;55;25;;;;;57;25;;;;;56.0;2.1363868713378906
39;3500;VEV_5300;54;20;;;;;57;20;;;;;55.5;1.56353759765625
39;3600;VEV_5300;55;23;;;;;57;23;;;;;56.0;1.8816909790039062
39;3700;VEV_5300;54;21;;;;;57;21;;;;;55.5;1.5854339599609375
39;3800;VEV_5300;55;10;54;11;;;57;21;;;;;56.0;1.7892036437988281
39;3900;VEV_5300;55;8;54;11;;;57;19;;;;;56.0;1.8062171936035156
39;4000;VEV_5300;54;26;;;;;56;10;57;16;;;55.0;1.3179168701171875
39;4100;VEV_5300;55;8;54;11;;;57;19;;;;;56.0;1.7207527160644531
39;4200;VEV_5300;55;26;;;;;57;26;;;;;56.0;2.06121826171875
39;4300;VEV_5300;55;27;;;;;57;27;;;;;56.0;2.038898468017578
39;4400;VEV_5300;54;21;;;;;56;21;;;;;55.0;1.168548583984375
39;4500;VEV_5300;54;18;;;;;56;18;;;;;55.0;1.0868568420410156
39;4600;VEV_5300;53;21;;;;;56;21;;;;;54.5;0.491058349609375
39;4700;VEV_5300;53;25;;;;;56;25;;;;;54.5;0.5374565124511719
39;4800;VEV_5300;53;25;;;;;56;25;;;;;54.5;0.4226226806640625
39;4900;VEV_5300;54;20;;;;;57;20;;;;;55.5;1.3779335021972656
39;5000;VEV_5300;54;24;;;;;57;24;;;;;55.5;1.4751014709472656
39;5100;VEV_5300;54;19;;;;;57;19;;;;;55.5;1.4380035400390625
39;5200;VEV_5300;54;22;;;;;57;22;;;;;55.5;1.4354896545410156
39;5300;VEV_5300;54;20;;;;;57;20;;;;;55.5;1.62744140625
39;5400;VEV_5300;54;19;;;;;57;19;;;;;55.5;1.38482666015625
39;5500;VEV_5300;55;28;;;;;58;28;;;;;56.5;2.6292190551757812
39;5600;VEV_5300;56;5;55;17;;;58;22;;;;;57.0;2.7580032348632812
39;5700;VEV_5300;56;7;55;19;;;58;26;;;;;57.0;2.6929244995117188
39;5800;VEV_5300;55;25;;;;;57;25;;;;;56.0;2.0462684631347656
39;5900;VEV_5300;55;23;;;;;57;9;58;14;;;56.0;2.196044921875
39;6000;VEV_5300;55;28;;;;;58;28;;;;;56.5;2.4607696533203125
39;6100;VEV_5300;55;21;;;;;57;8;58;13;;;56.0;2.275196075439453
39;6200;VEV_5300;55;23;;;;;58;23;;;;;56.5;2.416961669921875
39;6300;VEV_5300;55;24;;;;;57;24;;;;;56.0;2.043010711669922
39;6400;VEV_5300;54;25;;;;;57;25;;;;;55.5;1.6377944946289062
39;6500;VEV_5300;54;22;;;;;57;22;;;;;55.5;1.5101814270019531
39;6600;VEV_5300;54;23;;;;;56;10;57;13;;;55.0;1.2938613891601562
39;6700;VEV_5300;54;22;;;;;56;22;;;;;55.0;1.0076713562011719
39;6800;VEV_5300;54;20;;;;;56;20;;;;;55.0;1.0449600219726562
39;6900;VEV_5300;54;19;;;;;57;19;;;;;55.5;1.4374504089355469
39;7000;VEV_5300;54;26;;;;;56;26;;;;;55.0;0.8242454528808594
39;7100;VEV_5300;53;24;;;;;55;6;56;18;;;54.0;0.20279312133789062
39;7200;VEV_5300;53;18;;;;;55;8;56;10;;;54.0;0.3126945495605469
39;7300;VEV_5300;53;23;;;;;56;23;;;;;54.5;0.4655609130859375
39;7400;VEV_5300;54;20;;;;;56;10;57;10;;;55.0;1.2393836975097656
39;7500;VEV_5300;55;8;54;11;;;57;19;;;;;56.0;1.7922210693359375
39;7600;VEV_5300;54;23;;;;;56;23;;;;;55.0;1.0069732666015625
39;7700;VEV_5300;54;19;;;;;57;19;;;;;55.5;1.3885726928710938
39;7800;VEV_5300;54;2;53;19;;;56;19;;;;;55.0;0.4561271667480469
39;7900;VEV_5300;54;6;53;12;;;56;18;;;;;55.0;0.7544021606445312
39;8000;VEV_5300;53;26;;;;;55;9;56;17;;;54.0;0.3396644592285156
39;8100;VEV_5300;53;17;;;;;55;17;;;;;54.0;0.17404937744140625
39;8200;VEV_5300;53;19;;;;;55;19;;;;;54.0;0.021968841552734375
39;8300;VEV_5300;53;20;;;;;55;20;;;;;54.0;-0.13506317138671875
39;8400;VEV_5300;53;23;;;;;56;23;;;;;54.5;0.5459327697753906
39;8500;VEV_5300;53;18;;;;;56;18;;;;;54.5;0.3722686767578125
39;8600;VEV_5300;53;22;;;;;56;22;;;;;54.5;0.3975257873535156
39;8700;VEV_5300;52;21;;;;;55;21;;;;;53.5;-0.4696197509765625
39;8800;VEV_5300;52;22;;;;;54;22;;;;;53.0;-0.8286590576171875
39;8900;VEV_5300;52;21;;;;;54;21;;;;;53.0;-0.941864013671875
39;9000;VEV_5300;52;27;;;;;54;27;;;;;53.0;-1.1881332397460938
39;9100;VEV_5300;51;18;;;;;54;18;;;;;52.5;-1.3951187133789062
39;9200;VEV_5300;51;26;;;;;54;26;;;;;52.5;-1.6242599487304688
39;9300;VEV_5300;51;20;;;;;53;20;;;;;52.0;-1.9183311462402344
39;9400;VEV_5300;50;19;;;;;53;19;;;;;51.5;-2.4339141845703125
39;9500;VEV_5300;50;21;;;;;52;21;;;;;51.0;-2.8742523193359375
39;9600;VEV_5300;50;20;;;;;52;20;;;;;51.0;-3.0407142639160156
39;9700;VEV_5300;50;24;;;;;52;24;;;;;51.0;-3.2022743225097656
39;9800;VEV_5300;50;20;;;;;52;20;;;;;51.0;-3.1985931396484375
39;9900;VEV_5300;50;5;49;20;;;52;25;;;;;51.0;-3.369304656982422
39;10000;VEV_5300;50;24;;;;;52;24;;;;;51.0;-3.029083251953125
39;10100;VEV_5300;50;19;;;;;52;19;;;;;51.0;-2.985137939453125
39;10200;VEV_5300;50;5;49;20;;;52;25;;;;;51.0;-3.362110137939453
39;10300;VEV_5300;49;26;;;;;51;26;;;;;50.0;-3.8902549743652344
39;10400;VEV_5300;50;7;49;18;;;52;25;;;;;51.0;-3.3652572631835938
39;10500;VEV_5300;49;25;;;;;51;5;52;20;;;50.0;-3.6377906799316406
39;10600;VEV_5300;49;27;;;;;51;27;;;;;50.0;-3.7796363830566406
39;10700;VEV_5300;50;20;;;;;52;20;;;;;51.0;-3.177501678466797
39;10800;VEV_5300;49;24;;;;;51;24;;;;;50.0;-3.804454803466797
39;10900;VEV_5300;49;22;;;;;51;10;52;12;;;50.0;-3.611248016357422
39;11000;VEV_5300;50;18;;;;;52;18;;;;;51.0;-3.1039352416992188
39;11100;VEV_5300;50;24;;;;;52;10;53;14;;;51.0;-2.6174468994140625
39;11200;VEV_5300;51;10;50;20;;;53;30;;;;;52.0;-2.278705596923828
39;11300;VEV_5300;51;23;;;;;53;23;;;;;52.0;-2.0913162231445312
39;11400;VEV_5300;51;17;;;;;54;17;;;;;52.5;-1.3758049011230469
39;11500;VEV_5300;52;26;;;;;54;26;;;;;53.0;-1.1893653869628906
39;11600;VEV_5300;51;23;;;;;54;23;;;;;52.5;-1.5177421569824219
39;11700;VEV_5300;51;22;;;;;54;22;;;;;52.5;-1.377899169921875
39;11800;VEV_5300;51;18;;;;;53;18;;;;;52.0;-1.8546524047851562
39;11900;VEV_5300;52;22;;;;;54;22;;;;;53.0;-1.139129638671875
39;12000;VEV_5300;52;16;;;;;54;5;55;11;;;53.0;-0.6702194213867188
39;12100;VEV_5300;52;19;;;;;55;19;;;;;53.5;-0.6369247436523438
39;12200;VEV_5300;52;19;;;;;54;7;55;12;;;53.0;-0.7820854187011719
39;12300;VEV_5300;52;16;;;;;54;5;55;11;;;53.0;-0.7790641784667969
39;12400;VEV_5300;51;30;;;;;54;30;;;;;52.5;-1.4874076843261719
39;12500;VEV_5300;52;5;51;18;;;54;23;;;;;53.0;-1.3435020446777344
39;12600;VEV_5300;51;15;;;;;54;15;;;;;52.5;-1.4988822937011719
39;12700;VEV_5300;51;22;;;;;54;22;;;;;52.5;-1.6184463500976562
39;12800;VEV_5300;51;28;;;;;53;28;;;;;52.0;-1.9563522338867188
39;12900;VEV_5300;51;28;;;;;53;8;54;20;;;52.0;-1.7467308044433594
39;13000;VEV_5300;51;25;;;;;53;25;;;;;52.0;-2.0770187377929688
39;13100;VEV_5300;51;19;;;;;52;3;53;19;;;51.5;-1.9216728210449219
39;13200;VEV_5300;52;6;51;17;;;54;23;;;;;53.0;-1.3664093017578125
39;13300;VEV_5300;52;29;;;;;54;29;;;;;53.0;-1.1249313354492188
39;13400;VEV_5300;51;25;;;;;54;25;;;;;52.5;-1.4951591491699219
39;13500;VEV_5300;51;6;50;19;;;53;25;;;;;52.0;-2.3206634521484375
39;13600;VEV_5300;51;20;;;;;53;20;;;;;52.0;-2.115020751953125
39;13700;VEV_5300;51;8;50;20;;;53;28;;;;;52.0;-2.2508163452148438
39;13800;VEV_5300;51;21;;;;;53;21;;;;;52.0;-1.9963111877441406
39;13900;VEV_5300;51;26;;;;;53;6;54;20;;;52.0;-1.6427764892578125
39;14000;VEV_5300;51;22;;;;;53;22;;;;;52.0;-1.8314781188964844
39;14100;VEV_5300;51;23;;;;;53;10;54;13;;;52.0;-1.6658668518066406
39;14200;VEV_5300;51;24;;;;;53;9;54;15;;;52.0;-1.7508316040039062
39;14300;VEV_5300;52;6;51;12;;;54;18;;;;;53.0;-1.2999610900878906
39;14400;VEV_5300;51;23;;;;;53;5;54;18;;;52.0;-1.6873054504394531
39;14500;VEV_5300;51;24;;;;;53;24;;;;;52.0;-2.1078720092773438
39;14600;VEV_5300;50;19;;;;;52;7;53;12;;;51.0;-2.754131317138672
39;14700;VEV_5300;51;22;;;;;53;9;54;13;;;52.0;-1.7694053649902344
39;14800;VEV_5300;51;21;;;;;54;21;;;;;52.5;-1.4517745971679688
39;14900;VEV_5300;51;27;;;;;53;7;54;20;;;52.0;-1.6585845947265625
39;15000;VEV_5300;51;26;;;;;53;9;54;17;;;52.0;-1.6732559204101562
39;15100;VEV_5300;52;26;;;;;54;26;;;;;53.0;-0.9309959411621094
39;15200;VEV_5300;52;20;;;;;54;6;55;14;;;53.0;-0.7810630798339844
39;15300;VEV_5300;52;22;;;;;55;22;;;;;53.5;-0.5776519775390625
39;15400;VEV_5300;52;29;;;;;54;29;;;;;53.0;-0.8539047241210938
39;15500;VEV_5300;52;23;;;;;54;23;;;;;53.0;-0.9205474853515625
39;15600;VEV_5300;53;24;;;;;55;24;;;;;54.0;0.053913116455078125
39;15700;VEV_5300;53;15;;;;;55;15;;;;;54.0;-0.13737106323242188
39;15800;VEV_5300;53;8;52;18;;;55;26;;;;;54.0;-0.2329864501953125
39;15900;VEV_5300;53;17;;;;;55;5;56;12;;;54.0;0.2146759033203125
39;16000;VEV_5300;53;22;;;;;55;6;56;16;;;54.0;0.2671089172363281
39;16100;VEV_5300;53;19;;;;;56;19;;;;;54.5;0.44956207275390625
39;16200;VEV_5300;53;16;;;;;55;6;56;10;;;54.0;0.3185272216796875
39;16300;VEV_5300;54;8;53;19;;;56;27;;;;;55.0;0.7857933044433594
39;16400;VEV_5300;54;26;;;;;56;7;57;19;;;55.0;1.1864242553710938
39;16500;VEV_5300;54;25;;;;;56;25;;;;;55.0;0.8476409912109375
39;16600;VEV_5300;54;18;;;;;56;8;57;10;;;55.0;1.2342910766601562
39;16700;VEV_5300;54;18;;;;;56;5;57;13;;;55.0;1.1912460327148438
39;16800;VEV_5300;54;20;;;;;56;9;57;11;;;55.0;1.2121505737304688
39;16900;VEV_5300;54;27;;;;;57;27;;;;;55.5;1.347869873046875
39;17000;VEV_5300;54;19;;;;;57;19;;;;;55.5;1.3740005493164062
39;17100;VEV_5300;54;25;;;;;57;25;;;;;55.5;1.3379669189453125
39;17200;VEV_5300;55;9;54;19;;;57;28;;;;;56.0;1.8290596008300781
39;17300;VEV_5300;55;19;;;;;57;19;;;;;56.0;2.1500473022460938
39;17400;VEV_5300;55;20;;;;;58;20;;;;;56.5;2.560192108154297
39;17500;VEV_5300;55;24;;;;;58;24;;;;;56.5;2.4986610412597656
39;17600;VEV_5300;55;23;;;;;57;23;;;;;56.0;2.039653778076172
39;17700;VEV_5300;54;24;;;;;56;10;57;14;;;55.0;1.2785491943359375
39;17800;VEV_5300;54;23;;;;;56;23;;;;;55.0;1.1639938354492188
39;17900;VEV_5300;54;25;;;;;56;7;57;18;;;55.0;1.2279930114746094
39;18000;VEV_5300;55;16;;;;;57;16;;;;;56.0;1.9567642211914062
39;18100;VEV_5300;55;5;54;20;;;57;25;;;;;56.0;1.6799087524414062
39;18200;VEV_5300;55;6;54;15;;;57;21;;;;;56.0;1.7398490905761719
39;18300;VEV_5300;55;7;54;20;;;57;27;;;;;56.0;1.7452583312988281
39;18400;VEV_5300;54;28;;;;;56;28;;;;;55.0;1.0547409057617188
39;18500;VEV_5300;54;21;;;;;56;7;57;14;;;55.0;1.245361328125
39;18600;VEV_5300;53;23;;;;;55;5;56;18;;;54.0;0.19708633422851562
39;18700;VEV_5300;53;18;;;;;55;18;;;;;54.0;0.13383102416992188
39;18800;VEV_5300;53;9;52;15;;;55;24;;;;;54.0;-0.23604965209960938
39;18900;VEV_5300;53;27;;;;;55;27;;;;;54.0;0.057453155517578125
39;19000;VEV_5300;52;27;;;;;55;27;;;;;53.5;-0.4834098815917969
39;19100;VEV_5300;53;2;52;25;;;54;8;55;17;;;53.5;-0.7501640319824219
39;19200;VEV_5300;52;26;;;;;55;26;;;;;53.5;-0.5487174987792969
39;19300;VEV_5300;52;30;;;;;55;30;;;;;53.5;-0.38222503662109375
39;19400;VEV_5300;52;27;;;;;54;7;55;20;;;53.0;-0.6898536682128906
39;19500;VEV_5300;52;24;;;;;54;24;;;;;53.0;-0.8675498962402344
39;19600;VEV_5300;52;24;;;;;54;7;55;17;;;53.0;-0.7872047424316406
39;19700;VEV_5300;51;26;;;;;54;26;;;;;52.5;-1.47979736328125
39;19800;VEV_5300;51;21;;;;;53;21;;;;;52.0;-1.7862167358398438
39;19900;VEV_5300;52;23;;;;;54;23;;;;;53.0;-0.8639717102050781
39;20000;VEV_5300;52;22;;;;;55;22;;;;;53.5;-0.5023345947265625
39;20100;VEV_5300;52;20;;;;;54;20;;;;;53.0;-0.9850311279296875
39;20200;VEV_5300;52;16;;;;;54;6;55;10;;;53.0;-0.6930809020996094
39;20300;VEV_5300;52;23;;;;;54;23;;;;;53.0;-1.0354537963867188
39;20400;VEV_5300;52;28;;;;;54;9;55;19;;;53.0;-0.6656875610351562
39;20500;VEV_5300;52;28;;;;;54;28;;;;;53.0;-1.0251617431640625
39;20600;VEV_5300;51;25;;;;;54;25;;;;;52.5;-1.4029083251953125
39;20700;VEV_5300;52;18;;;;;54;18;;;;;53.0;-1.1064414978027344
39;20800;VEV_5300;52;25;;;;;55;25;;;;;53.5;-0.6050262451171875
39;20900;VEV_5300;53;23;;;;;55;28;;;;;54.0;-0.13315582275390625
39;21000;VEV_5300;53;22;;;;;55;22;;;;;54.0;-0.064666748046875
39;21100;VEV_5300;52;25;;;;;54;5;55;20;;;53.0;-0.7832145690917969
39;21200;VEV_5300;52;28;;;;;55;28;;;;;53.5;-0.5958480834960938
39;21300;VEV_5300;53;25;;;;;55;25;;;;;54.0;0.087860107421875
39;21400;VEV_5300;53;29;;;;;55;29;;;;;54.0;0.14640045166015625
39;21500;VEV_5300;53;29;;;;;55;9;56;20;;;54.0;0.2804756164550781
39;21600;VEV_5300;53;24;;;;;56;24;;;;;54.5;0.49127960205078125
39;21700;VEV_5300;53;27;;;;;56;27;;;;;54.5;0.4620819091796875
39;21800;VEV_5300;54;23;;;;;56;23;;;;;55.0;0.8684921264648438
39;21900;VEV_5300;54;23;;;;;56;23;;;;;55.0;0.8873214721679688
39;22000;VEV_5300;53;19;;;;;56;19;;;;;54.5;0.4037666320800781
39;22100;VEV_5300;53;24;;;;;55;24;;;;;54.0;0.045658111572265625
39;22200;VEV_5300;53;16;;;;;55;16;;;;;54.0;-0.171844482421875
39;22300;VEV_5300;53;9;52;10;;;55;19;;;;;54.0;-0.236175537109375
39;22400;VEV_5300;52;19;;;;;55;19;;;;;53.5;-0.42340850830078125
39;22500;VEV_5300;52;19;;;;;55;19;;;;;53.5;-0.50445556640625
39;22600;VEV_5300;52;23;;;;;55;23;;;;;53.5;-0.5509529113769531
39;22700;VEV_5300;52;25;;;;;54;25;;;;;53.0;-0.9305915832519531
39;22800;VEV_5300;52;24;;;;;54;24;;;;;53.0;-1.1950263977050781
39;22900;VEV_5300;52;20;;;;;54;20;;;;;53.0;-1.1238365173339844
39;23000;VEV_5300;51;26;;;;;54;26;;;;;52.5;-1.5647621154785156
39;23100;VEV_5300;51;24;;;;;54;24;;;;;52.5;-1.5777854919433594
39;23200;VEV_5300;51;26;;;;;53;26;;;;;52.0;-1.825775146484375
39;23300;VEV_5300;50;22;;;;;53;22;;;;;51.5;-2.507862091064453
39;23400;VEV_5300;50;20;;;;;52;20;;;;;51.0;-3.1757431030273438
39;23500;VEV_5300;50;23;;;;;51;2;52;23;;;50.5;-2.870281219482422
39;23600;VEV_5300;50;8;49;19;;;52;27;;;;;51.0;-3.372173309326172
39;23700;VEV_5300;50;18;;;;;52;18;;;;;51.0;-2.8156166076660156
39;23800;VEV_5300;50;23;;;;;52;23;;;;;51.0;-2.8715476989746094
39;23900;VEV_5300;51;6;50;15;;;53;21;;;;;52.0;-2.3036231994628906
39;24000;VEV_5300;51;10;50;14;;;53;24;;;;;52.0;-2.238658905029297
39;24100;VEV_5300;50;27;;;;;53;27;;;;;51.5;-2.5022430419921875
39;24200;VEV_5300;51;6;50;14;;;53;20;;;;;52.0;-2.257061004638672
39;24300;VEV_5300;51;8;50;11;;;53;19;;;;;52.0;-2.342620849609375
39;24400;VEV_5300;51;23;;;;;53;23;;;;;52.0;-1.9145965576171875
39;24500;VEV_5300;51;30;;;;;53;30;;;;;52.0;-1.8746109008789062
39;24600;VEV_5300;51;9;50;16;;;53;21;;;;;52.0;-2.36431884765625
39;24700;VEV_5300;51;25;;;;;53;25;;;;;52.0;-2.01953125
39;24800;VEV_5300;51;22;;;;;53;22;;;;;52.0;-1.938873291015625
39;24900;VEV_5300;51;27;;;;;53;27;;;;;52.0;-2.057586669921875
39;25000;VEV_5300;51;8;50;14;;;53;22;;;;;52.0;-2.2990798950195312
39;25100;VEV_5300;51;18;;;;;53;18;;;;;52.0;-2.0083770751953125
39;25200;VEV_5300;51;23;;;;;54;23;;;;;52.5;-1.5938835144042969
39;25300;VEV_5300;51;5;50;16;;;53;21;;;;;52.0;-2.2346420288085938
39;25400;VEV_5300;51;27;;;;;53;27;;;;;52.0;-1.9151611328125
39;25500;VEV_5300;51;22;;;;;53;22;;;;;52.0;-1.9445228576660156
39;25600;VEV_5300;51;16;;;;;53;6;54;10;;;52.0;-1.7080459594726562
39;25700;VEV_5300;51;28;;;;;53;28;;;;;52.0;-1.9670791625976562
39;25800;VEV_5300;51;18;;;;;53;18;;;;;52.0;-2.061756134033203
39;25900;VEV_5300;51;21;;;;;53;7;54;14;;;52.0;-1.7070579528808594
39;26000;VEV_5300;52;6;51;16;;;54;22;;;;;53.0;-1.2866935729980469
39;26100;VEV_5300;51;26;;;;;54;26;;;;;52.5;-1.4413490295410156
39;26200;VEV_5300;51;22;;;;;53;22;;;;;52.0;-2.196971893310547
39;26300;VEV_5300;51;5;50;10;;;53;15;;;;;52.0;-2.2368736267089844
39;26400;VEV_5300;51;24;;;;;53;24;;;;;52.0;-1.985198974609375
39;26500;VEV_5300;51;30;;;;;53;30;;;;;52.0;-1.9623260498046875
39;26600;VEV_5300;51;26;;;;;53;26;;;;;52.0;-1.9352989196777344
39;26700;VEV_5300;51;23;;;;;54;23;;;;;52.5;-1.5871086120605469
39;26800;VEV_5300;51;24;;;;;54;24;;;;;52.5;-1.5641212463378906
39;26900;VEV_5300;52;8;51;12;;;54;20;;;;;53.0;-1.3332290649414062
39;27000;VEV_5300;51;21;;;;;53;21;;;;;52.0;-2.0314292907714844
39;27100;VEV_5300;51;28;;;;;53;28;;;;;52.0;-2.1401939392089844
39;27200;VEV_5300;50;24;;;;;52;10;53;14;;;51.0;-2.7020339965820312
39;27300;VEV_5300;50;27;;;;;53;27;;;;;51.5;-2.4670333862304688
39;27400;VEV_5300;50;18;;;;;52;18;;;;;51.0;-3.0207481384277344
39;27500;VEV_5300;50;20;;;;;53;20;;;;;51.5;-2.6152420043945312
39;27600;VEV_5300;51;7;50;15;;;53;22;;;;;52.0;-2.3088226318359375
39;27700;VEV_5300;51;5;50;20;;;53;25;;;;;52.0;-2.3192481994628906
39;27800;VEV_5300;50;29;;;;;52;29;;;;;51.0;-2.878948211669922
39;27900;VEV_5300;50;28;;;;;52;28;;;;;51.0;-3.184703826904297
39;28000;VEV_5300;49;28;;;;;51;10;52;18;;;50.0;-3.641204833984375
39;28100;VEV_5300;50;20;;;;;53;20;;;;;51.5;-2.4020004272460938
39;28200;VEV_5300;51;22;;;;;53;22;;;;;52.0;-1.9037284851074219
39;28300;VEV_5300;51;21;;;;;53;21;;;;;52.0;-1.9745903015136719
39;28400;VEV_5300;51;19;;;;;53;19;;;;;52.0;-1.8939208984375
39;28500;VEV_5300;51;20;;;;;53;20;;;;;52.0;-1.9248504638671875
39;28600;VEV_5300;51;24;;;;;53;24;;;;;52.0;-1.7841567993164062
39;28700;VEV_5300;51;22;;;;;53;22;;;;;52.0;-1.8861083984375
39;28800;VEV_5300;51;10;50;18;;;53;28;;;;;52.0;-2.2772674560546875
39;28900;VEV_5300;51;10;50;12;;;53;22;;;;;52.0;-2.2718505859375
39;29000;VEV_5300;50;22;;;;;53;22;;;;;51.5;-2.4706459045410156
39;29100;VEV_5300;51;19;;;;;53;19;;;;;52.0;-2.1084060668945312
39;29200;VEV_5300;51;25;;;;;53;25;;;;;52.0;-1.8612709045410156
39;29300;VEV_5300;51;22;;;;;53;22;;;;;52.0;-2.1711807250976562
39;29400;VEV_5300;51;20;;;;;53;20;;;;;52.0;-2.029529571533203
39;29500;VEV_5300;51;17;;;;;52;2;53;17;;;51.5;-1.9746932983398438
39;29600;VEV_5300;50;25;;;;;52;9;53;16;;;51.0;-2.6187515258789062
39;29700;VEV_5300;50;23;;;;;52;10;53;13;;;51.0;-2.6961135864257812
39;29800;VEV_5300;50;20;;;;;52;9;53;11;;;51.0;-2.6956329345703125
39;29900;VEV_5300;50;26;;;;;53;26;;;;;51.5;-2.4974098205566406
39;30000;VEV_5300;50;19;;;;;52;19;;;;;51.0;-3.0000762939453125
39;30100;VEV_5300;50;23;;;;;52;23;;;;;51.0;-2.9372291564941406
39;30200;VEV_5300;50;9;49;17;;;52;26;;;;;51.0;-3.338573455810547
39;30300;VEV_5300;50;4;49;16;;;51;6;52;10;;;50.5;-3.6988601684570312
39;30400;VEV_5300;49;20;;;;;51;20;;;;;50.0;-3.8694190979003906
39;30500;VEV_5300;49;20;;;;;52;20;;;;;50.5;-3.542957305908203
39;30600;VEV_5300;49;26;;;;;51;26;;;;;50.0;-4.171642303466797
39;30700;VEV_5300;48;18;;;;;51;18;;;;;49.5;-4.535148620605469
39;30800;VEV_5300;48;20;;;;;50;20;;;;;49.0;-5.076545715332031
39;30900;VEV_5300;48;17;;;;;51;17;;;;;49.5;-4.586421966552734
39;31000;VEV_5300;48;10;47;11;;;50;21;;;;;49.0;-5.360206604003906
39;31100;VEV_5300;48;6;47;16;;;50;22;;;;;49.0;-5.278358459472656
39;31200;VEV_5300;47;20;;;;;50;20;;;;;48.5;-5.463230133056641
39;31300;VEV_5300;48;21;;;;;51;21;;;;;49.5;-4.588794708251953
39;31400;VEV_5300;49;6;48;16;;;51;22;;;;;50.0;-4.353355407714844
39;31500;VEV_5300;49;6;48;12;;;51;18;;;;;50.0;-4.3020782470703125
39;31600;VEV_5300;49;6;48;10;;;51;16;;;;;50.0;-4.254825592041016
39;31700;VEV_5300;49;27;;;;;51;27;;;;;50.0;-3.8201446533203125
39;31800;VEV_5300;49;23;;;;;51;23;;;;;50.0;-3.856800079345703
39;31900;VEV_5300;50;9;49;20;;;52;29;;;;;51.0;-3.3827743530273438
39;32000;VEV_5300;50;26;;;;;52;26;;;;;51.0;-3.029632568359375
39;32100;VEV_5300;50;23;;;;;52;23;;;;;51.0;-2.7874832153320312
39;32200;VEV_5300;50;25;;;;;52;8;53;17;;;51.0;-2.7639846801757812
39;32300;VEV_5300;51;5;50;19;;;53;24;;;;;52.0;-2.244152069091797
39;32400;VEV_5300;51;5;50;17;;;53;22;;;;;52.0;-2.2927093505859375
39;32500;VEV_5300;51;16;;;;;53;16;;;;;52.0;-2.1265945434570312
39;32600;VEV_5300;51;25;;;;;53;25;;;;;52.0;-2.2168197631835938
39;32700;VEV_5300;51;7;50;17;;;53;24;;;;;52.0;-2.276947021484375
39;32800;VEV_5300;51;27;;;;;53;27;;;;;52.0;-2.017364501953125
39;32900;VEV_5300;51;20;;;;;53;20;;;;;52.0;-2.1027565002441406
39;33000;VEV_5300;52;10;51;11;;;54;21;;;;;53.0;-1.2896957397460938
39;33100;VEV_5300;52;19;;;;;54;19;;;;;53.0;-1.0491943359375
39;33200;VEV_5300;51;18;;;;;53;18;;;;;52.0;-1.8181266784667969
39;33300;VEV_5300;51;20;;;;;54;20;;;;;52.5;-1.4540252685546875
39;33400;VEV_5300;52;21;;;;;54;21;;;;;53.0;-1.0998573303222656
39;33500;VEV_5300;52;7;51;17;;;54;24;;;;;53.0;-1.3667259216308594
39;33600;VEV_5300;51;29;;;;;54;29;;;;;52.5;-1.3969154357910156
39;33700;VEV_5300;52;7;51;17;;;54;24;;;;;53.0;-1.2936325073242188
39;33800;VEV_5300;52;18;;;;;54;18;;;;;53.0;-1.1197929382324219
39;33900;VEV_5300;52;26;;;;;55;26;;;;;53.5;-0.5759162902832031
39;34000;VEV_5300;52;24;;;;;55;24;;;;;53.5;-0.5682868957519531
39;34100;VEV_5300;53;24;;;;;55;24;;;;;54.0;0.13565444946289062
39;34200;VEV_5300;53;26;;;;;56;26;;;;;54.5;0.585601806640625
39;34300;VEV_5300;53;19;;;;;56;19;;;;;54.5;0.4828033447265625
39;34400;VEV_5300;53;21;;;;;55;8;56;13;;;54.0;0.24916839599609375
39;34500;VEV_5300;53;26;;;;;55;26;;;;;54.0;-0.06787490844726562
39;34600;VEV_5300;53;6;52;18;;;55;24;;;;;54.0;-0.3546562194824219
39;34700;VEV_5300;52;27;;;;;55;27;;;;;53.5;-0.5501861572265625
39;34800;VEV_5300;52;15;;;;;54;15;;;;;53.0;-1.2078018188476562
39;34900;VEV_5300;52;7;51;14;;;54;21;;;;;53.0;-1.360687255859375
39;35000;VEV_5300;51;10;50;10;;;53;20;;;;;52.0;-2.2493743896484375
39;35100;VEV_5300;51;21;;;;;53;21;;;;;52.0;-1.86883544921875
39;35200;VEV_5300;51;20;;;;;53;18;;;;;52.0;-2.00238037109375
39;35300;VEV_5300;51;30;;;;;53;10;54;20;;;52.0;-1.6534652709960938
39;35400;VEV_5300;52;18;;;;;54;18;;;;;53.0;-1.0361862182617188
39;35500;VEV_5300;52;18;;;;;54;18;;;;;53.0;-1.021759033203125
39;35600;VEV_5300;52;22;;;;;54;22;;;;;53.0;-1.0257415771484375
39;35700;VEV_5300;51;26;;;;;53;9;54;17;;;52.0;-1.6692085266113281
39;35800;VEV_5300;51;8;50;19;;;53;27;;;;;52.0;-2.2375717163085938
39;35900;VEV_5300;51;20;;;;;53;20;;;;;52.0;-1.9697380065917969
39;36000;VEV_5300;51;22;;;;;53;22;;;;;52.0;-1.9090614318847656
39;36100;VEV_5300;51;23;;;;;54;23;;;;;52.5;-1.4630622863769531
39;36200;VEV_5300;51;22;;;;;54;22;;;;;52.5;-1.4237289428710938
39;36300;VEV_5300;51;16;;;;;53;16;;;;;52.0;-2.0940513610839844
39;36400;VEV_5300;51;19;;;;;54;19;;;;;52.5;-1.3961143493652344
39;36500;VEV_5300;52;10;51;20;;;54;30;;;;;53.0;-1.3218650817871094
39;36600;VEV_5300;52;24;;;;;54;24;;;;;53.0;-1.1917610168457031
39;36700;VEV_5300;51;21;;;;;53;8;54;13;;;52.0;-1.6909599304199219
39;36800;VEV_5300;50;21;;;;;53;21;;;;;51.5;-2.5642013549804688
39;36900;VEV_5300;50;25;;;;;53;25;;;;;51.5;-2.600086212158203
39;37000;VEV_5300;50;28;;;;;52;28;;;;;51.0;-2.969371795654297
39;37100;VEV_5300;51;23;;;;;53;23;;;;;52.0;-2.0530853271484375
39;37200;VEV_5300;52;20;;;;;54;20;;;;;53.0;-1.1847457885742188
39;37300;VEV_5300;51;23;;;;;53;23;;;;;52.0;-1.8946876525878906
39;37400;VEV_5300;50;22;;;;;53;22;;;;;51.5;-2.40130615234375
39;37500;VEV_5300;51;5;50;17;;;53;22;;;;;52.0;-2.3133888244628906
39;37600;VEV_5300;50;26;;;;;52;7;53;19;;;51.0;-2.6514434814453125
39;37700;VEV_5300;51;23;;;;;53;10;54;13;;;52.0;-1.6342697143554688
39;37800;VEV_5300;51;24;;;;;53;24;;;;;52.0;-2.0325279235839844
39;37900;VEV_5300;51;28;;;;;53;28;;;;;52.0;-2.1143035888671875
39;38000;VEV_5300;51;19;;;;;53;19;;;;;52.0;-2.0166168212890625
39;38100;VEV_5300;51;26;;;;;53;26;;;;;52.0;-2.04644775390625
39;38200;VEV_5300;51;26;;;;;53;26;;;;;52.0;-2.0974502563476562
39;38300;VEV_5300;51;25;;;;;53;25;;;;;52.0;-1.7904548645019531
39;38400;VEV_5300;51;23;;;;;53;23;;;;;52.0;-1.8835182189941406
39;38500;VEV_5300;51;25;;;;;53;25;;;;;52.0;-1.9063911437988281
39;38600;VEV_5300;51;22;;;;;53;22;;;;;52.0;-1.9922866821289062
39;38700;VEV_5300;51;22;;;;;53;7;54;15;;;52.0;-1.7232627868652344
39;38800;VEV_5300;51;27;;;;;53;27;;;;;52.0;-1.9228706359863281
39;38900;VEV_5300;51;23;;;;;53;23;;;;;52.0;-1.8578529357910156
39;39000;VEV_5300;51;20;;;;;53;20;;;;;52.0;-1.9090003967285156
39;39100;VEV_5300;51;16;;;;;53;16;;;;;52.0;-1.9079093933105469
39;39200;VEV_5300;50;21;;;;;53;21;;;;;51.5;-2.602336883544922
39;39300;VEV_5300;50;28;;;;;52;25;;;;;51.0;-3.200084686279297
39;39400;VEV_5300;50;22;;;;;52;22;;;;;51.0;-2.8910064697265625
39;39500;VEV_5300;50;19;;;;;52;19;;;;;51.0;-3.191802978515625
39;39600;VEV_5300;50;7;49;14;;;52;21;;;;;51.0;-3.260761260986328
39;39700;VEV_5300;49;20;;;;;51;20;;;;;50.0;-4.222740173339844
39;39800;VEV_5300;49;5;48;21;;;51;21;;;;;50.0;-4.535453796386719
39;39900;VEV_5300;48;21;;;;;50;7;51;14;;;49.0;-4.697704315185547
39;40000;VEV_5300;49;9;48;13;;;51;22;;;;;50.0;-4.346973419189453
39;40100;VEV_5300;48;24;;;;;50;24;;;;;49.0;-4.77935791015625
39;40200;VEV_5300;48;21;;;;;50;21;;;;;49.0;-5.078765869140625
39;40300;VEV_5300;48;17;;;;;50;17;;;;;49.0;-5.207080841064453
39;40400;VEV_5300;47;26;;;;;50;26;;;;;48.5;-5.5040283203125
39;40500;VEV_5300;47;18;;;;;49;18;;;;;48.0;-5.759914398193359
39;40600;VEV_5300;47;28;;;;;49;28;;;;;48.0;-6.157981872558594
39;40700;VEV_5300;46;23;;;;;48;23;;;;;47.0;-7.0307769775390625
39;40800;VEV_5300;46;20;;;;;48;20;;;;;47.0;-6.950897216796875
39;40900;VEV_5300;45;19;;;;;47;8;48;11;;;46.0;-7.580532073974609
39;41000;VEV_5300;46;18;;;;;48;18;;;;;47.0;-7.2495269775390625
39;41100;VEV_5300;46;5;45;17;;;48;22;;;;;47.0;-7.436969757080078
39;41200;VEV_5300;45;20;;;;;47;20;;;;;46.0;-7.868923187255859
39;41300;VEV_5300;45;27;;;;;47;9;48;18;;;46.0;-7.658821105957031
39;41400;VEV_5300;45;21;;;;;47;5;48;16;;;46.0;-7.686000823974609
39;41500;VEV_5300;45;9;44;18;;;47;27;;;;;46.0;-8.31692123413086
39;41600;VEV_5300;44;20;;;;;47;20;;;;;45.5;-8.537551879882812
39;41700;VEV_5300;45;9;44;18;;;47;27;;;;;46.0;-8.425518035888672
39;41800;VEV_5300;45;29;;;;;47;29;;;;;46.0;-8.146442413330078
39;41900;VEV_5300;44;15;;;;;45;2;46;15;;;44.5;-8.837650299072266
39;42000;VEV_5300;44;22;;;;;46;22;;;;;45.0;-9.16030502319336
39;42100;VEV_5300;44;22;;;;;47;22;;;;;45.5;-8.527050018310547
39;42200;VEV_5300;45;20;;;;;47;20;;;;;46.0;-7.91448974609375
39;42300;VEV_5300;46;6;45;16;;;48;22;;;;;47.0;-7.315406799316406
39;42400;VEV_5300;45;26;;;;;47;8;48;18;;;46.0;-7.588787078857422
39;42500;VEV_5300;45;22;;;;;48;22;;;;;46.5;-7.489097595214844
39;42600;VEV_5300;46;7;45;16;;;48;23;;;;;47.0;-7.322315216064453
39;42700;VEV_5300;45;22;;;;;47;22;;;;;46.0;-7.8149261474609375
39;42800;VEV_5300;45;17;;;;;47;17;;;;;46.0;-7.851444244384766
39;42900;VEV_5300;45;25;;;;;46;4;47;5;48;20;45.5;-7.6727447509765625
39;43000;VEV_5300;45;25;;;;;47;25;;;;;46.0;-7.873832702636719
39;43100;VEV_5300;45;19;;;;;47;19;;;;;46.0;-7.809577941894531
39;43200;VEV_5300;45;24;;;;;47;24;;;;;46.0;-7.775455474853516
39;43300;VEV_5300;45;19;;;;;47;19;;;;;46.0;-7.846065521240234
39;43400;VEV_5300;46;6;45;11;;;48;17;;;;;47.0;-7.413963317871094
39;43500;VEV_5300;45;24;;;;;47;24;;;;;46.0;-8.142864227294922
39;43600;VEV_5300;45;25;;;;;47;25;;;;;46.0;-7.894752502441406
39;43700;VEV_5300;45;20;;;;;47;20;;;;;46.0;-8.298656463623047
39;43800;VEV_5300;44;19;;;;;46;19;;;;;45.0;-8.845577239990234
39;43900;VEV_5300;44;21;;;;;46;8;47;13;;;45.0;-8.614860534667969
39;44000;VEV_5300;45;5;44;12;;;47;17;;;;;46.0;-8.406749725341797
39;44100;VEV_5300;45;30;;;;;47;30;;;;;46.0;-7.803047180175781
39;44200;VEV_5300;45;18;;;;;48;18;;;;;46.5;-7.490684509277344
39;44300;VEV_5300;46;9;45;13;;;48;22;;;;;47.0;-7.3371429443359375
39;44400;VEV_5300;46;24;;;;;48;24;;;;;47.0;-7.019432067871094
39;44500;VEV_5300;46;20;;;;;48;6;49;14;;;47.0;-6.6912689208984375
39;44600;VEV_5300;47;20;;;;;49;20;;;;;48.0;-6.241603851318359
39;44700;VEV_5300;47;21;;;;;49;21;;;;;48.0;-5.994647979736328
39;44800;VEV_5300;47;24;;;;;49;24;;;;;48.0;-5.8033599853515625
39;44900;VEV_5300;47;22;;;;;49;22;;;;;48.0;-5.771568298339844
39;45000;VEV_5300;47;21;;;;;49;8;50;13;;;48.0;-5.668117523193359
39;45100;VEV_5300;47;21;;;;;48;5;49;21;;;47.5;-5.808616638183594
39;45200;VEV_5300;47;17;;;;;49;17;;;;;48.0;-6.089450836181641
39;45300;VEV_5300;46;30;;;;;48;30;;;;;47.0;-6.743762969970703
39;45400;VEV_5300;46;21;;;;;48;21;;;;;47.0;-7.025306701660156
39;45500;VEV_5300;46;29;;;;;48;9;49;20;;;47.0;-6.591396331787109
39;45600;VEV_5300;46;28;;;;;48;9;49;19;;;47.0;-6.585304260253906
39;45700;VEV_5300;46;22;;;;;48;22;;;;;47.0;-6.852748870849609
39;45800;VEV_5300;46;19;;;;;48;19;;;;;47.0;-6.980674743652344
39;45900;VEV_5300;46;29;;;;;48;29;;;;;47.0;-6.860374450683594
39;46000;VEV_5300;46;17;;;;;48;17;;;;;47.0;-6.967754364013672
39;46100;VEV_5300;46;16;;;;;48;16;;;;;47.0;-7.164478302001953
39;46200;VEV_5300;46;19;;;;;48;19;;;;;47.0;-6.8252410888671875
39;46300;VEV_5300;47;7;46;11;;;49;18;;;;;48.0;-6.380588531494141
39;46400;VEV_5300;47;19;;;;;49;19;;;;;48.0;-6.021728515625
39;46500;VEV_5300;47;24;;;;;49;24;;;;;48.0;-6.1861572265625
39;46600;VEV_5300;47;25;;;;;49;25;;;;;48.0;-6.006999969482422
39;46700;VEV_5300;47;21;;;;;49;21;;;;;48.0;-5.941375732421875
39;46800;VEV_5300;47;25;;;;;49;25;;;;;48.0;-5.846035003662109
39;46900;VEV_5300;47;21;;;;;49;21;;;;;48.0;-5.82427978515625
39;47000;VEV_5300;47;24;;;;;49;10;50;14;;;48.0;-5.6521453857421875
39;47100;VEV_5300;47;19;;;;;50;19;;;;;48.5;-5.4598541259765625
39;47200;VEV_5300;48;9;47;13;;;50;22;;;;;49.0;-5.373821258544922
39;47300;VEV_5300;47;22;;;;;49;22;;;;;48.0;-5.872314453125
39;47400;VEV_5300;47;23;;;;;50;23;;;;;48.5;-5.537158966064453
39;47500;VEV_5300;48;20;;;;;50;20;;;;;49.0;-5.171184539794922
39;47600;VEV_5300;48;21;;;;;50;21;;;;;49.0;-5.0765228271484375
39;47700;VEV_5300;47;24;;;;;50;24;;;;;48.5;-5.498905181884766
39;47800;VEV_5300;47;21;;;;;49;5;50;16;;;48.0;-5.684642791748047
39;47900;VEV_5300;47;22;;;;;49;7;50;15;;;48.0;-5.608123779296875
39;48000;VEV_5300;48;6;47;19;;;50;25;;;;;49.0;-5.313507080078125
39;48100;VEV_5300;47;20;;;;;49;20;;;;;48.0;-5.8216705322265625
39;48200;VEV_5300;48;26;;;;;50;26;;;;;49.0;-5.228416442871094
39;48300;VEV_5300;47;15;;;;;50;15;;;;;48.5;-5.514644622802734
39;48400;VEV_5300;47;22;;;;;49;9;50;13;;;48.0;-5.6618499755859375
39;48500;VEV_5300;47;28;;;;;50;28;;;;;48.5;-5.429542541503906
39;48600;VEV_5300;47;18;;;;;50;18;;;;;48.5;-5.442760467529297
39;48700;VEV_5300;47;27;;;;;50;27;;;;;48.5;-5.520275115966797
39;48800;VEV_5300;47;19;;;;;49;19;;;;;48.0;-5.804786682128906
39;48900;VEV_5300;47;26;;;;;49;26;;;;;48.0;-6.005287170410156
39;49000;VEV_5300;47;21;;;;;49;21;;;;;48.0;-6.17864990234375
39;49100;VEV_5300;47;25;;;;;49;25;;;;;48.0;-5.843910217285156
39;49200;VEV_5300;47;19;;;;;49;19;;;;;48.0;-6.063556671142578
39;49300;VEV_5300;47;26;;;;;49;26;;;;;48.0;-5.7837371826171875
39;49400;VEV_5300;48;23;;;;;50;23;;;;;49.0;-5.267017364501953
39;49500;VEV_5300;47;27;;;;;49;7;50;20;;;48.0;-5.713817596435547
39;49600;VEV_5300;47;25;;;;;49;25;;;;;48.0;-5.895740509033203
39;49700;VEV_5300;47;20;;;;;49;8;50;12;;;48.0;-5.600536346435547
39;49800;VEV_5300;47;24;;;;;49;7;50;17;;;48.0;-5.700225830078125
39;49900;VEV_5300;48;18;;;;;50;18;;;;;49.0;-5.088565826416016
39;50000;VEV_5300;48;21;;;;;50;21;;;;;49.0;-5.030834197998047
39;50100;VEV_5300;48;21;;;;;50;21;;;;;49.0;-4.868129730224609
39;50200;VEV_5300;47;18;;;;;50;18;;;;;48.5;-5.512805938720703
39;50300;VEV_5300;47;25;;;;;49;10;50;15;;;48.0;-5.654384613037109
39;50400;VEV_5300;48;28;;;;;50;28;;;;;49.0;-5.159893035888672
39;50500;VEV_5300;48;9;47;10;;;50;19;;;;;49.0;-5.350608825683594
39;50600;VEV_5300;48;19;;;;;50;8;51;11;;;49.0;-4.727851867675781
39;50700;VEV_5300;48;20;;;;;50;9;51;11;;;49.0;-4.616767883300781
39;50800;VEV_5300;49;17;;;;;51;7;52;10;;;50.0;-3.643535614013672
39;50900;VEV_5300;50;21;;;;;52;21;;;;;51.0;-3.1424407958984375
39;51000;VEV_5300;49;23;;;;;51;8;52;15;;;50.0;-3.6147499084472656
39;51100;VEV_5300;49;20;;;;;51;10;52;10;;;50.0;-3.690013885498047
39;51200;VEV_5300;49;24;;;;;51;24;;;;;50.0;-4.091644287109375
39;51300;VEV_5300;49;22;;;;;52;22;;;;;50.5;-3.4687576293945312
39;51400;VEV_5300;49;28;;;;;52;28;;;;;50.5;-3.586742401123047
39;51500;VEV_5300;49;24;;;;;51;24;;;;;50.0;-4.178134918212891
39;51600;VEV_5300;49;19;;;;;51;7;52;12;;;50.0;-3.6073379516601562
39;51700;VEV_5300;49;6;48;14;;;51;20;;;;;50.0;-4.3453826904296875
39;51800;VEV_5300;49;9;48;10;;;51;19;;;;;50.0;-4.314842224121094
39;51900;VEV_5300;48;19;;;;;50;5;51;14;;;49.0;-4.681999206542969
39;52000;VEV_5300;48;23;;;;;50;6;51;17;;;49.0;-4.725025177001953
39;52100;VEV_5300;49;7;48;19;;;51;26;;;;;50.0;-4.371440887451172
39;52200;VEV_5300;48;23;;;;;50;9;51;14;;;49.0;-4.6002044677734375
39;52300;VEV_5300;48;25;;;;;51;25;;;;;49.5;-4.414066314697266
39;52400;VEV_5300;48;20;;;;;51;20;;;;;49.5;-4.557979583740234
39;52500;VEV_5300;48;21;;;;;50;21;;;;;49.0;-5.127494812011719
39;52600;VEV_5300;48;7;47;14;;;50;21;;;;;49.0;-5.286460876464844
39;52700;VEV_5300;47;15;;;;;50;15;;;;;48.5;-5.495639801025391
39;52800;VEV_5300;47;30;;;;;50;30;;;;;48.5;-5.514080047607422
39;52900;VEV_5300;47;21;;;;;48;5;50;21;;;47.5;-5.465766906738281
39;53000;VEV_5300;47;25;;;;;49;6;50;19;;;48.0;-5.698143005371094
39;53100;VEV_5300;48;19;;;;;50;19;;;;;49.0;-5.085124969482422
39;53200;VEV_5300;48;24;;;;;50;7;51;17;;;49.0;-4.7181396484375
39;53300;VEV_5300;48;21;;;;;51;21;;;;;49.5;-4.480144500732422
39;53400;VEV_5300;48;26;;;;;50;10;51;16;;;49.0;-4.630607604980469
39;53500;VEV_5300;48;19;;;;;50;19;;;;;49.0;-4.958160400390625
39;53600;VEV_5300;48;7;47;18;;;50;25;;;;;49.0;-5.3497314453125
39;53700;VEV_5300;47;20;;;;;49;9;50;11;;;48.0;-5.650962829589844
39;53800;VEV_5300;47;15;;;;;49;5;50;10;;;48.0;-5.6406402587890625
39;53900;VEV_5300;47;22;;;;;49;22;;;;;48.0;-5.943058013916016
39;54000;VEV_5300;46;21;;;;;48;5;49;16;;;47.0;-6.58990478515625
39;54100;VEV_5300;47;24;;;;;49;24;;;;;48.0;-5.8361968994140625
39;54200;VEV_5300;48;8;47;11;;;50;19;;;;;49.0;-5.317790985107422
39;54300;VEV_5300;47;23;;;;;50;23;;;;;48.5;-5.5800628662109375
39;54400;VEV_5300;47;17;;;;;50;17;;;;;48.5;-5.526851654052734
39;54500;VEV_5300;48;30;;;;;50;30;;;;;49.0;-5.020271301269531
39;54600;VEV_5300;48;22;;;;;50;22;;;;;49.0;-5.028602600097656
39;54700;VEV_5300;47;23;;;;;49;23;;;;;48.0;-5.731658935546875
39;54800;VEV_5300;47;22;;;;;49;22;;;;;48.0;-5.763053894042969
39;54900;VEV_5300;47;6;46;13;;;49;19;;;;;48.0;-6.304119110107422
39;55000;VEV_5300;47;25;;;;;49;25;;;;;48.0;-6.160747528076172
39;55100;VEV_5300;47;26;;;;;49;26;;;;;48.0;-5.758869171142578
39;55200;VEV_5300;47;7;46;10;;;49;17;;;;;48.0;-6.401065826416016
39;55300;VEV_5300;46;27;;;;;48;27;;;;;47.0;-7.0185546875
39;55400;VEV_5300;46;25;;;;;48;25;;;;;47.0;-6.7709808349609375
39;55500;VEV_5300;46;20;;;;;48;20;;;;;47.0;-6.827861785888672
39;55600;VEV_5300;46;18;;;;;48;18;;;;;47.0;-7.051372528076172
39;55700;VEV_5300;46;29;;;;;48;29;;;;;47.0;-6.739372253417969
39;55800;VEV_5300;46;23;;;;;48;23;;;;;47.0;-7.188953399658203
39;55900;VEV_5300;46;26;;;;;48;26;;;;;47.0;-7.211219787597656
39;56000;VEV_5300;45;25;;;;;47;25;;;;;46.0;-7.764778137207031
39;56100;VEV_5300;45;25;;;;;48;25;;;;;46.5;-7.454681396484375
39;56200;VEV_5300;45;22;;;;;47;22;;;;;46.0;-8.097213745117188
39;56300;VEV_5300;44;24;;;;;46;24;;;;;45.0;-8.71445083618164
39;56400;VEV_5300;44;28;;;;;46;9;47;19;;;45.0;-8.647869110107422
39;56500;VEV_5300;45;10;44;15;;;47;25;;;;;46.0;-8.380172729492188
39;56600;VEV_5300;44;28;;;;;47;28;;;;;45.5;-8.507160186767578
39;56700;VEV_5300;44;15;;;;;46;15;;;;;45.0;-8.825408935546875
39;56800;VEV_5300;44;26;;;;;47;26;;;;;45.5;-8.520977020263672
39;56900;VEV_5300;45;24;;;;;47;24;;;;;46.0;-8.254390716552734
39;57000;VEV_5300;44;28;;;;;46;28;;;;;45.0;-8.878997802734375
39;57100;VEV_5300;44;9;43;19;;;46;28;;;;;45.0;-9.44961929321289
39;57200;VEV_5300;44;10;43;12;;;46;22;;;;;45.0;-9.451072692871094
39;57300;VEV_5300;43;18;;;;;45;18;;;;;44.0;-9.787178039550781
39;57400;VEV_5300;43;18;;;;;45;18;;;;;44.0;-9.796520233154297
39;57500;VEV_5300;43;22;;;;;45;5;46;17;;;44.0;-9.634666442871094
39;57600;VEV_5300;43;29;;;;;45;29;;;;;44.0;-9.869915008544922
39;57700;VEV_5300;43;24;;;;;45;24;;;;;44.0;-9.7862548828125
39;57800;VEV_5300;43;22;;;;;45;22;;;;;44.0;-9.759780883789062
39;57900;VEV_5300;43;24;;;;;45;24;;;;;44.0;-9.827953338623047
39;58000;VEV_5300;43;23;;;;;45;23;;;;;44.0;-10.13309097290039
39;58100;VEV_5300;43;23;;;;;45;23;;;;;44.0;-9.769329071044922
39;58200;VEV_5300;44;28;;;;;46;28;;;;;45.0;-9.28274917602539
39;58300;VEV_5300;43;22;;;;;45;22;;;;;44.0;-9.848197937011719
39;58400;VEV_5300;43;19;;;;;45;19;;;;;44.0;-10.333366394042969
39;58500;VEV_5300;43;10;42;14;;;45;24;;;;;44.0;-10.379928588867188
39;58600;VEV_5300;43;10;42;15;;;45;25;;;;;44.0;-10.370658874511719
39;58700;VEV_5300;42;19;;;;;44;19;;;;;43.0;-11.044200897216797
39;58800;VEV_5300;41;25;;;;;43;25;;;;;42.0;-11.839519500732422
39;58900;VEV_5300;41;25;;;;;43;25;;;;;42.0;-12.146064758300781
39;59000;VEV_5300;41;26;;;;;43;26;;;;;42.0;-11.987529754638672
39;59100;VEV_5300;41;24;;;;;43;24;;;;;42.0;-12.262203216552734
39;59200;VEV_5300;40;28;;;;;42;9;43;19;;;41.0;-12.604934692382812
39;59300;VEV_5300;41;24;;;;;43;24;;;;;42.0;-11.985713958740234
39;59400;VEV_5300;41;21;;;;;43;21;;;;;42.0;-12.116050720214844
39;59500;VEV_5300;41;9;40;12;;;43;21;;;;;42.0;-12.474925994873047
39;59600;VEV_5300;40;17;;;;;42;5;43;12;;;41.0;-12.60580062866211
39;59700;VEV_5300;40;21;;;;;42;21;;;;;41.0;-12.625221252441406
39;59800;VEV_5300;41;24;;;;;43;24;;;;;42.0;-12.189407348632812
39;59900;VEV_5300;41;9;40;10;;;43;19;;;;;42.0;-12.431770324707031
39;60000;VEV_5300;41;22;;;;;43;22;;;;;42.0;-11.863109588623047
39;60100;VEV_5300;41;21;;;;;43;21;;;;;42.0;-12.058834075927734
39;60200;VEV_5300;41;19;;;;;43;19;;;;;42.0;-12.0550537109375
39;60300;VEV_5300;41;24;;;;;43;24;;;;;42.0;-12.217639923095703
39;60400;VEV_5300;41;22;;;;;43;5;44;17;;;42.0;-11.567237854003906
39;60500;VEV_5300;41;19;;;;;43;6;44;13;;;42.0;-11.518478393554688
39;60600;VEV_5300;42;23;;;;;44;23;;;;;43.0;-11.036746978759766
39;60700;VEV_5300;42;29;;;;;44;29;;;;;43.0;-11.132820129394531
39;60800;VEV_5300;42;22;;;;;44;22;;;;;43.0;-10.688175201416016
39;60900;VEV_5300;42;18;;;;;44;18;;;;;43.0;-10.83834457397461
39;61000;VEV_5300;42;20;;;;;44;20;;;;;43.0;-10.761241912841797
39;61100;VEV_5300;43;22;;;;;45;22;;;;;44.0;-10.28750991821289
39;61200;VEV_5300;43;19;;;;;45;19;;;;;44.0;-9.875091552734375
39;61300;VEV_5300;43;22;;;;;45;22;;;;;44.0;-9.896198272705078
39;61400;VEV_5300;44;3;43;27;;;45;27;;;;;44.5;-9.979694366455078
39;61500;VEV_5300;43;21;;;;;45;21;;;;;44.0;-10.205455780029297
39;61600;VEV_5300;43;26;;;;;45;26;;;;;44.0;-10.321487426757812
39;61700;VEV_5300;43;23;;;;;45;23;;;;;44.0;-9.82149887084961
39;61800;VEV_5300;43;24;;;;;45;24;;;;;44.0;-9.728588104248047
39;61900;VEV_5300;44;8;43;14;;;46;22;;;;;45.0;-9.464435577392578
39;62000;VEV_5300;43;29;;;;;45;29;;;;;44.0;-9.81454086303711
39;62100;VEV_5300;43;23;;;;;45;23;;;;;44.0;-10.102657318115234
39;62200;VEV_5300;43;21;;;;;45;21;;;;;44.0;-9.945674896240234
39;62300;VEV_5300;43;20;;;;;45;20;;;;;44.0;-10.12252426147461
39;62400;VEV_5300;43;30;;;;;45;30;;;;;44.0;-10.215801239013672
39;62500;VEV_5300;43;22;;;;;45;22;;;;;44.0;-10.077857971191406
39;62600;VEV_5300;43;23;;;;;45;23;;;;;44.0;-9.795928955078125
39;62700;VEV_5300;43;21;;;;;46;21;;;;;44.5;-9.488994598388672
39;62800;VEV_5300;43;18;;;;;45;18;;;;;44.0;-9.68832778930664
39;62900;VEV_5300;43;18;;;;;45;5;46;13;;;44.0;-9.631736755371094
39;63000;VEV_5300;43;24;;;;;45;24;;;;;44.0;-9.676780700683594
39;63100;VEV_5300;43;29;;;;;45;29;;;;;44.0;-9.707378387451172
39;63200;VEV_5300;44;18;;;;;46;7;47;11;;;45.0;-8.650360107421875
39;63300;VEV_5300;44;23;;;;;46;23;;;;;45.0;-8.84490966796875
39;63400;VEV_5300;45;5;44;13;;;47;18;;;;;46.0;-8.321491241455078
39;63500;VEV_5300;45;6;44;18;;;47;24;;;;;46.0;-8.375873565673828
39;63600;VEV_5300;45;5;44;12;;;47;17;;;;;46.0;-8.370929718017578
39;63700;VEV_5300;44;24;;;;;46;24;;;;;45.0;-8.967811584472656
39;63800;VEV_5300;44;19;;;;;46;19;;;;;45.0;-8.744148254394531
39;63900;VEV_5300;44;25;;;;;46;25;;;;;45.0;-9.14947509765625
39;64000;VEV_5300;44;24;;;;;46;10;47;14;;;45.0;-8.592460632324219
39;64100;VEV_5300;44;28;;;;;46;9;47;19;;;45.0;-8.592674255371094
39;64200;VEV_5300;45;28;;;;;47;28;;;;;46.0;-8.241405487060547
39;64300;VEV_5300;44;20;;;;;46;7;47;13;;;45.0;-8.58206558227539
39;64400;VEV_5300;45;16;;;;;47;16;;;;;46.0;-7.963359832763672
39;64500;VEV_5300;45;19;;;;;47;19;;;;;46.0;-8.10031509399414
39;64600;VEV_5300;45;23;;;;;47;23;;;;;46.0;-7.7798004150390625
39;64700;VEV_5300;45;7;44;11;;;47;18;;;;;46.0;-8.414901733398438
39;64800;VEV_5300;44;16;;;;;46;16;;;;;45.0;-8.696739196777344
39;64900;VEV_5300;44;22;;;;;46;22;;;;;45.0;-8.829898834228516
39;65000;VEV_5300;44;8;43;19;;;46;27;;;;;45.0;-9.413467407226562
39;65100;VEV_5300;44;21;;;;;46;21;;;;;45.0;-8.98189926147461
39;65200;VEV_5300;44;29;;;;;46;29;;;;;45.0;-8.986515045166016
39;65300;VEV_5300;45;5;44;17;;;46;17;;;;;45.5;-8.69686508178711
39;65400;VEV_5300;44;19;;;;;46;19;;;;;45.0;-8.791332244873047
39;65500;VEV_5300;44;22;;;;;47;22;;;;;45.5;-8.534034729003906
39;65600;VEV_5300;45;22;;;;;47;22;;;;;46.0;-8.051712036132812
39;65700;VEV_5300;45;25;;;;;47;25;;;;;46.0;-7.905300140380859
39;65800;VEV_5300;45;23;;;;;47;23;;;;;46.0;-8.181816101074219
39;65900;VEV_5300;45;20;;;;;47;20;;;;;46.0;-8.203544616699219
39;66000;VEV_5300;44;25;;;;;46;25;;;;;45.0;-8.712955474853516
39;66100;VEV_5300;45;29;;;;;47;29;;;;;46.0;-8.164756774902344
39;66200;VEV_5300;45;28;;;;;47;28;;;;;46.0;-8.278343200683594
39;66300;VEV_5300;45;8;44;15;;;47;23;;;;;46.0;-8.4466552734375
39;66400;VEV_5300;44;19;;;;;46;19;;;;;45.0;-8.960811614990234
39;66500;VEV_5300;44;20;;;;;46;20;;;;;45.0;-8.76300048828125
39;66600;VEV_5300;45;29;;;;;47;29;;;;;46.0;-8.087562561035156
39;66700;VEV_5300;45;20;;;;;48;20;;;;;46.5;-7.486236572265625
39;66800;VEV_5300;46;8;45;16;;;48;24;;;;;47.0;-7.323596954345703
39;66900;VEV_5300;45;17;;;;;48;17;;;;;46.5;-7.50115966796875
39;67000;VEV_5300;46;8;45;15;;;48;23;;;;;47.0;-7.3641204833984375
39;67100;VEV_5300;46;22;;;;;48;22;;;;;47.0;-6.960971832275391
39;67200;VEV_5300;46;16;;;;;48;16;;;;;47.0;-6.897682189941406
39;67300;VEV_5300;46;25;;;;;48;25;;;;;47.0;-7.054790496826172
39;67400;VEV_5300;46;26;;;;;48;10;49;16;;;47.0;-6.677028656005859
39;67500;VEV_5300;47;10;46;19;;;49;29;;;;;48.0;-6.349403381347656
39;67600;VEV_5300;47;27;;;;;49;9;50;18;;;48.0;-5.661857604980469
39;67700;VEV_5300;47;25;;;;;50;25;;;;;48.5;-5.447181701660156
39;67800;VEV_5300;47;25;;;;;49;9;50;16;;;48.0;-5.655082702636719
39;67900;VEV_5300;47;29;;;;;49;9;50;20;;;48.0;-5.693111419677734
39;68000;VEV_5300;47;20;;;;;50;20;;;;;48.5;-5.487190246582031
39;68100;VEV_5300;47;21;;;;;49;10;50;11;;;48.0;-5.6827850341796875
39;68200;VEV_5300;47;18;;;;;49;18;;;;;48.0;-5.919166564941406
39;68300;VEV_5300;47;25;;;;;49;25;;;;;48.0;-6.075847625732422
39;68400;VEV_5300;46;30;;;;;49;30;;;;;47.5;-6.444942474365234
39;68500;VEV_5300;46;20;;;;;48;20;;;;;47.0;-6.757755279541016
39;68600;VEV_5300;46;16;;;;;48;16;;;;;47.0;-7.124153137207031
39;68700;VEV_5300;46;7;45;10;;;48;17;;;;;47.0;-7.326103210449219
39;68800;VEV_5300;45;24;;;;;47;24;;;;;46.0;-7.893684387207031
39;68900;VEV_5300;45;18;;;;;47;18;;;;;46.0;-8.093955993652344
39;69000;VEV_5300;45;25;;;;;48;25;;;;;46.5;-7.455951690673828
39;69100;VEV_5300;45;23;;;;;47;23;;;;;46.0;-7.708076477050781
39;69200;VEV_5300;45;24;;;;;47;24;;;;;46.0;-8.01308822631836
39;69300;VEV_5300;45;26;;;;;47;9;48;17;;;46.0;-7.653495788574219
39;69400;VEV_5300;45;27;;;;;47;27;;;;;46.0;-8.172950744628906
39;69500;VEV_5300;46;10;45;20;;;48;30;;;;;47.0;-7.360404968261719
39;69600;VEV_5300;46;30;;;;;49;30;;;;;47.5;-6.432853698730469
39;69700;VEV_5300;46;24;;;;;48;24;;;;;47.0;-6.859500885009766
39;69800;VEV_5300;46;17;;;;;48;17;;;;;47.0;-6.7978363037109375
39;69900;VEV_5300;47;9;46;11;;;49;20;;;;;48.0;-6.413860321044922
39;70000;VEV_5300;47;5;46;17;;;49;22;;;;;48.0;-6.298366546630859
39;70100;VEV_5300;46;26;;;;;48;26;;;;;47.0;-6.849987030029297
39;70200;VEV_5300;46;26;;;;;48;26;;;;;47.0;-6.917575836181641
39;70300;VEV_5300;47;6;46;15;;;49;21;;;;;48.0;-6.4190826416015625
39;70400;VEV_5300;47;19;;;;;49;19;;;;;48.0;-6.280757904052734
39;70500;VEV_5300;47;23;;;;;49;23;;;;;48.0;-6.2083892822265625
39;70600;VEV_5300;46;25;;;;;48;25;;;;;47.0;-6.927227020263672
39;70700;VEV_5300;46;24;;;;;48;24;;;;;47.0;-6.7833404541015625
39;70800;VEV_5300;46;20;;;;;48;20;;;;;47.0;-6.995372772216797
39;70900;VEV_5300;46;21;;;;;48;21;;;;;47.0;-7.0503692626953125
39;71000;VEV_5300;45;26;;;;;48;26;;;;;46.5;-7.536922454833984
39;71100;VEV_5300;45;27;;;;;48;27;;;;;46.5;-7.497837066650391
39;71200;VEV_5300;45;22;;;;;47;22;;;;;46.0;-7.8033905029296875
39;71300;VEV_5300;45;24;;;;;47;24;;;;;46.0;-7.695896148681641
39;71400;VEV_5300;44;26;;;;;46;8;47;18;;;45.0;-8.609134674072266
39;71500;VEV_5300;44;23;;;;;46;5;47;18;;;45.0;-8.622856140136719
39;71600;VEV_5300;44;25;;;;;47;25;;;;;45.5;-8.491996765136719
39;71700;VEV_5300;45;5;44;11;;;47;16;;;;;46.0;-8.450950622558594
39;71800;VEV_5300;45;29;;;;;47;29;;;;;46.0;-7.718631744384766
39;71900;VEV_5300;45;23;;;;;47;23;;;;;46.0;-8.259693145751953
39;72000;VEV_5300;45;21;;;;;48;21;;;;;46.5;-7.492897033691406
39;72100;VEV_5300;46;25;;;;;48;25;;;;;47.0;-7.133861541748047
39;72200;VEV_5300;46;20;;;;;48;6;49;14;;;47.0;-6.585926055908203
39;72300;VEV_5300;46;23;;;;;48;5;49;18;;;47.0;-6.601963043212891
39;72400;VEV_5300;46;27;;;;;48;10;49;17;;;47.0;-6.584693908691406
39;72500;VEV_5300;47;29;;;;;49;29;;;;;48.0;-6.134426116943359
39;72600;VEV_5300;47;23;;;;;49;23;;;;;48.0;-5.8598175048828125
39;72700;VEV_5300;47;21;;;;;49;21;;;;;48.0;-5.927661895751953
39;72800;VEV_5300;47;19;;;;;49;19;;;;;48.0;-5.864658355712891
39;72900;VEV_5300;47;26;;;;;49;26;;;;;48.0;-6.271629333496094
39;73000;VEV_5300;47;7;46;16;;;49;23;;;;;48.0;-6.428565979003906
39;73100;VEV_5300;47;27;;;;;49;27;;;;;48.0;-5.954437255859375
39;73200;VEV_5300;46;28;;;;;48;8;49;20;;;47.0;-6.631153106689453
39;73300;VEV_5300;46;20;;;;;48;20;;;;;47.0;-6.920112609863281
39;73400;VEV_5300;46;28;;;;;48;28;;;;;47.0;-7.122562408447266
39;73500;VEV_5300;46;5;45;11;;;48;16;;;;;47.0;-7.412906646728516
39;73600;VEV_5300;46;23;;;;;48;23;;;;;47.0;-7.170188903808594
39;73700;VEV_5300;46;27;;;;;48;27;;;;;47.0;-6.814853668212891
39;73800;VEV_5300;46;27;;;;;48;27;;;;;47.0;-7.017536163330078
39;73900;VEV_5300;46;27;;;;;48;7;49;20;;;47.0;-6.63043212890625
39;74000;VEV_5300;46;24;;;;;48;24;;;;;47.0;-7.267799377441406
39;74100;VEV_5300;46;25;;;;;48;25;;;;;47.0;-7.0247344970703125
39;74200;VEV_5300;46;26;;;;;48;26;;;;;47.0;-7.009227752685547
39;74300;VEV_5300;46;28;;;;;48;9;49;19;;;47.0;-6.670490264892578
39;74400;VEV_5300;46;29;;;;;48;29;;;;;47.0;-6.790187835693359
39;74500;VEV_5300;46;20;;;;;48;20;;;;;47.0;-6.968116760253906
39;74600;VEV_5300;46;21;;;;;48;21;;;;;47.0;-6.952812194824219
39;74700;VEV_5300;46;24;;;;;48;24;;;;;47.0;-7.025177001953125
39;74800;VEV_5300;46;17;;;;;48;17;;;;;47.0;-7.23486328125
39;74900;VEV_5300;46;24;;;;;48;24;;;;;47.0;-7.104808807373047
39;75000;VEV_5300;46;27;;;;;48;27;;;;;47.0;-6.924201965332031
39;75100;VEV_5300;45;20;;;;;48;20;;;;;46.5;-7.492801666259766
39;75200;VEV_5300;46;20;;;;;48;24;;;;;47.0;-7.250064849853516
39;75300;VEV_5300;45;22;;;;;47;22;;;;;46.0;-7.695308685302734
39;75400;VEV_5300;46;24;;;;;48;24;;;;;47.0;-6.844860076904297
39;75500;VEV_5300;46;24;;;;;48;24;;;;;47.0;-6.898097991943359
39;75600;VEV_5300;46;25;;;;;48;25;;;;;47.0;-6.870460510253906
39;75700;VEV_5300;46;22;;;;;48;22;;;;;47.0;-7.257968902587891
39;75800;VEV_5300;46;26;;;;;48;26;;;;;47.0;-7.18426513671875
39;75900;VEV_5300;46;6;45;18;;;48;24;;;;;47.0;-7.434211730957031
39;76000;VEV_5300;46;21;;;;;48;21;;;;;47.0;-6.974849700927734
39;76100;VEV_5300;46;22;;;;;48;22;;;;;47.0;-7.022502899169922
39;76200;VEV_5300;45;23;;;;;47;23;;;;;46.0;-7.971973419189453
39;76300;VEV_5300;46;7;45;10;;;48;17;;;;;47.0;-7.420787811279297
39;76400;VEV_5300;46;8;45;13;;;48;21;;;;;47.0;-7.366130828857422
39;76500;VEV_5300;46;9;45;17;;;48;26;;;;;47.0;-7.3498687744140625
39;76600;VEV_5300;46;6;45;14;;;48;20;;;;;47.0;-7.351158142089844
39;76700;VEV_5300;46;7;45;16;;;48;23;;;;;47.0;-7.326251983642578
39;76800;VEV_5300;45;23;;;;;47;23;;;;;46.0;-7.767520904541016
39;76900;VEV_5300;45;19;;;;;47;19;;;;;46.0;-8.045204162597656
39;77000;VEV_5300;45;20;;;;;47;20;;;;;46.0;-8.062812805175781
39;77100;VEV_5300;45;10;44;10;;;47;20;;;;;46.0;-8.385860443115234
39;77200;VEV_5300;44;21;;;;;47;21;;;;;45.5;-8.46292495727539
39;77300;VEV_5300;44;27;;;;;46;27;;;;;45.0;-8.779117584228516
39;77400;VEV_5300;44;24;;;;;46;24;;;;;45.0;-8.699188232421875
39;77500;VEV_5300;45;26;;;;;47;26;;;;;46.0;-8.097564697265625
39;77600;VEV_5300;45;28;;;;;47;28;;;;;46.0;-8.017478942871094
39;77700;VEV_5300;45;18;;;;;47;18;;;;;46.0;-8.137493133544922
39;77800;VEV_5300;45;20;;;;;47;6;48;14;;;46.0;-7.597370147705078
39;77900;VEV_5300;46;17;;;;;48;17;;;;;47.0;-7.228000640869141
39;78000;VEV_5300;45;26;;;;;47;26;;;;;46.0;-7.898281097412109
39;78100;VEV_5300;46;20;;;;;48;20;;;;;47.0;-6.859104156494141
39;78200;VEV_5300;46;18;;;;;48;18;;;;;47.0;-7.103874206542969
39;78300;VEV_5300;45;24;;;;;47;5;48;19;;;46.0;-7.61761474609375
39;78400;VEV_5300;45;23;;;;;47;8;48;15;;;46.0;-7.599952697753906
39;78500;VEV_5300;45;25;;;;;47;25;;;;;46.0;-7.768074035644531
39;78600;VEV_5300;45;20;;;;;47;20;;;;;46.0;-8.00632095336914
39;78700;VEV_5300;45;22;;;;;47;22;;;;;46.0;-7.902336120605469
39;78800;VEV_5300;46;9;45;20;;;48;25;;;;;47.0;-7.429103851318359
39;78900;VEV_5300;46;25;;;;;48;25;;;;;47.0;-7.006031036376953
39;79000;VEV_5300;46;24;;;;;48;24;;;;;47.0;-6.999870300292969
39;79100;VEV_5300;46;25;;;;;48;25;;;;;47.0;-7.054649353027344
39;79200;VEV_5300;46;23;;;;;48;23;;;;;47.0;-6.932464599609375
39;79300;VEV_5300;47;4;46;16;;;49;25;;;;;48.0;-6.325771331787109
39;79400;VEV_5300;47;10;46;15;;;49;25;;;;;48.0;-6.316669464111328
39;79500;VEV_5300;46;19;;;;;48;6;49;13;;;47.0;-6.612285614013672
39;79600;VEV_5300;47;23;;;;;49;23;;;;;48.0;-6.105751037597656
39;79700;VEV_5300;46;26;;;;;48;26;;;;;47.0;-6.82305908203125
39;79800;VEV_5300;46;21;;;;;48;6;49;15;;;47.0;-6.6099853515625
39;79900;VEV_5300;47;5;46;16;;;49;21;;;;;48.0;-6.397510528564453
39;80000;VEV_5300;47;23;;;;;49;5;50;18;;;48.0;-5.592308044433594
39;80100;VEV_5300;48;24;;;;;50;8;51;16;;;49.0;-4.728992462158203
39;80200;VEV_5300;48;20;;;;;50;20;;;;;49.0;-5.110298156738281
39;80300;VEV_5300;48;24;;;;;50;24;;;;;49.0;-5.101016998291016
39;80400;VEV_5300;49;9;48;18;;;51;27;;;;;50.0;-4.392116546630859
39;80500;VEV_5300;49;17;;;;;51;17;;;;;50.0;-4.214321136474609
39;80600;VEV_5300;49;8;48;10;;;51;18;;;;;50.0;-4.3073577880859375
39;80700;VEV_5300;48;30;;;;;51;30;;;;;49.5;-4.478626251220703
39;80800;VEV_5300;49;21;;;;;51;21;;;;;50.0;-3.7681312561035156
39;80900;VEV_5300;49;25;;;;;51;25;;;;;50.0;-3.8187255859375
39;81000;VEV_5300;49;26;;;;;52;26;;;;;50.5;-3.5068931579589844
39;81100;VEV_5300;49;29;;;;;52;29;;;;;50.5;-3.4488487243652344
39;81200;VEV_5300;50;8;49;19;;;52;27;;;;;51.0;-3.272785186767578
39;81300;VEV_5300;49;23;;;;;52;23;;;;;50.5;-3.4619712829589844
39;81400;VEV_5300;50;7;49;13;;;52;20;;;;;51.0;-3.3709373474121094
39;81500;VEV_5300;50;24;;;;;52;24;;;;;51.0;-2.8518753051757812
39;81600;VEV_5300;50;27;;;;;52;27;;;;;51.0;-2.886241912841797
39;81700;VEV_5300;50;20;;;;;52;20;;;;;51.0;-3.146099090576172
39;81800;VEV_5300;50;22;;;;;52;22;;;;;51.0;-3.0013465881347656
39;81900;VEV_5300;51;8;50;11;;;53;19;;;;;52.0;-2.379344940185547
39;82000;VEV_5300;51;24;;;;;54;24;;;;;52.5;-1.5524673461914062
39;82100;VEV_5300;52;22;;;;;54;22;;;;;53.0;-0.98028564453125
39;82200;VEV_5300;53;5;52;12;;;55;17;;;;;54.0;-0.3448143005371094
39;82300;VEV_5300;53;7;52;10;;;55;17;;;;;54.0;-0.29034423828125
39;82400;VEV_5300;53;10;52;12;;;55;22;;;;;54.0;-0.2763519287109375
39;82500;VEV_5300;52;28;;;;;54;28;;;;;53.0;-0.9503059387207031
39;82600;VEV_5300;52;23;;;;;55;23;;;;;53.5;-0.448760986328125
39;82700;VEV_5300;52;25;;;;;54;25;;;;;53.0;-0.9389877319335938
39;82800;VEV_5300;51;18;;;;;54;18;;;;;52.5;-1.5240592956542969
39;82900;VEV_5300;51;16;;;;;53;16;;;;;52.0;-2.1252365112304688
39;83000;VEV_5300;51;23;;;;;53;23;;;;;52.0;-2.0733642578125
39;83100;VEV_5300;50;19;;;;;53;19;;;;;51.5;-2.5174636840820312
39;83200;VEV_5300;50;20;;;;;52;20;;;;;51.0;-2.8309288024902344
39;83300;VEV_5300;50;19;;;;;52;19;;;;;51.0;-3.0405731201171875
39;83400;VEV_5300;50;27;;;;;53;27;;;;;51.5;-2.507099151611328
39;83500;VEV_5300;51;16;;;;;53;16;;;;;52.0;-2.007457733154297
39;83600;VEV_5300;51;19;;;;;53;19;;;;;52.0;-2.212055206298828
39;83700;VEV_5300;50;26;;;;;53;26;;;;;51.5;-2.568206787109375
39;83800;VEV_5300;51;27;;;;;53;27;;;;;52.0;-2.0154495239257812
39;83900;VEV_5300;51;18;;;;;53;18;;;;;52.0;-1.9515457153320312
39;84000;VEV_5300;51;22;;;;;53;22;;;;;52.0;-2.073589324951172
39;84100;VEV_5300;51;23;;;;;53;5;54;18;;;52.0;-1.6877517700195312
39;84200;VEV_5300;51;24;;;;;53;10;54;14;;;52.0;-1.6893310546875
39;84300;VEV_5300;51;26;;;;;54;26;;;;;52.5;-1.6148834228515625
39;84400;VEV_5300;52;15;;;;;54;15;;;;;53.0;-0.876190185546875
39;84500;VEV_5300;53;21;;;;;55;21;;;;;54.0;-0.024707794189453125
39;84600;VEV_5300;53;26;;;;;55;6;56;20;;;54.0;0.2557868957519531
39;84700;VEV_5300;54;17;;;;;56;17;;;;;55.0;1.0632057189941406
39;84800;VEV_5300;53;21;;;;;56;21;;;;;54.5;0.38535308837890625
39;84900;VEV_5300;52;21;;;;;54;7;55;14;;;53.0;-0.7946395874023438
39;85000;VEV_5300;51;22;;;;;54;22;;;;;52.5;-1.4153289794921875
39;85100;VEV_5300;51;19;;;;;53;19;;;;;52.0;-1.9165687561035156
39;85200;VEV_5300;51;21;;;;;53;21;;;;;52.0;-1.8870429992675781
39;85300;VEV_5300;51;21;;;;;53;21;;;;;52.0;-1.8604202270507812
39;85400;VEV_5300;51;16;;;;;53;16;;;;;52.0;-1.8716163635253906
39;85500;VEV_5300;52;22;;;;;54;22;;;;;53.0;-1.0403633117675781
39;85600;VEV_5300;52;20;;;;;54;20;;;;;53.0;-1.1052932739257812
39;85700;VEV_5300;52;24;;;;;55;24;;;;;53.5;-0.6145591735839844
39;85800;VEV_5300;51;18;;;;;54;18;;;;;52.5;-1.4869918823242188
39;85900;VEV_5300;51;28;;;;;53;28;;;;;52.0;-2.032276153564453
39;86000;VEV_5300;51;19;;;;;53;9;54;10;;;52.0;-1.7436408996582031
39;86100;VEV_5300;52;6;51;17;;;54;23;;;;;53.0;-1.3099288940429688
39;86200;VEV_5300;51;20;;;;;54;20;;;;;52.5;-1.4219474792480469
39;86300;VEV_5300;51;20;;;;;54;20;;;;;52.5;-1.550750732421875
39;86400;VEV_5300;52;18;;;;;54;18;;;;;53.0;-1.19921875
39;86500;VEV_5300;52;20;;;;;54;20;;;;;53.0;-1.1006011962890625
39;86600;VEV_5300;51;27;;;;;53;10;54;17;;;52.0;-1.6501083374023438
39;86700;VEV_5300;51;20;;;;;53;20;;;;;52.0;-2.0963516235351562
39;86800;VEV_5300;51;30;;;;;53;30;;;;;52.0;-2.172161102294922
39;86900;VEV_5300;51;24;;;;;54;24;;;;;52.5;-1.571868896484375
39;87000;VEV_5300;51;17;;;;;53;6;54;11;;;52.0;-1.6683311462402344
39;87100;VEV_5300;52;25;;;;;54;25;;;;;53.0;-1.1169509887695312
39;87200;VEV_5300;52;9;51;13;;;54;22;;;;;53.0;-1.2344131469726562
39;87300;VEV_5300;52;23;;;;;54;23;;;;;53.0;-0.8703842163085938
39;87400;VEV_5300;52;23;;;;;54;23;;;;;53.0;-0.9014549255371094
39;87500;VEV_5300;52;19;;;;;54;19;;;;;53.0;-0.8691215515136719
39;87600;VEV_5300;52;26;;;;;54;26;;;;;53.0;-0.8034248352050781
39;87700;VEV_5300;52;17;;;;;54;17;;;;;53.0;-1.03118896484375
39;87800;VEV_5300;52;24;;;;;54;24;;;;;53.0;-1.0966339111328125
39;87900;VEV_5300;52;21;;;;;54;6;55;15;;;53.0;-0.7042503356933594
39;88000;VEV_5300;52;27;;;;;54;27;;;;;53.0;-1.0265769958496094
39;88100;VEV_5300;51;16;;;;;54;16;;;;;52.5;-1.5700645446777344
39;88200;VEV_5300;51;27;;;;;54;27;;;;;52.5;-1.6113853454589844
39;88300;VEV_5300;51;28;;;;;53;28;;;;;52.0;-1.9849319458007812
39;88400;VEV_5300;51;21;;;;;53;21;;;;;52.0;-1.99090576171875
39;88500;VEV_5300;51;19;;;;;54;19;;;;;52.5;-1.4777030944824219
39;88600;VEV_5300;52;6;51;13;;;54;19;;;;;53.0;-1.2474517822265625
39;88700;VEV_5300;52;5;51;17;;;54;22;;;;;53.0;-1.2632179260253906
39;88800;VEV_5300;52;5;51;10;;;54;15;;;;;53.0;-1.2225570678710938
39;88900;VEV_5300;52;21;;;;;54;21;;;;;53.0;-0.8958511352539062
39;89000;VEV_5300;51;21;;;;;54;21;;;;;52.5;-1.4995651245117188
39;89100;VEV_5300;51;22;;;;;53;22;;;;;52.0;-1.8464202880859375
39;89200;VEV_5300;52;27;;;;;54;27;;;;;53.0;-1.1791725158691406
39;89300;VEV_5300;51;24;;;;;54;24;;;;;52.5;-1.4091262817382812
39;89400;VEV_5300;52;10;51;11;;;54;21;;;;;53.0;-1.3661575317382812
39;89500;VEV_5300;51;24;;;;;54;24;;;;;52.5;-1.5994720458984375
39;89600;VEV_5300;51;20;;;;;53;20;;;;;52.0;-1.8997001647949219
39;89700;VEV_5300;50;20;;;;;53;20;;;;;51.5;-2.5561065673828125
39;89800;VEV_5300;51;21;;;;;53;21;;;;;52.0;-2.1362342834472656
39;89900;VEV_5300;51;23;;;;;53;23;;;;;52.0;-1.8030929565429688
39;90000;VEV_5300;51;23;;;;;53;7;54;16;;;52.0;-1.6942024230957031
39;90100;VEV_5300;51;15;;;;;53;15;;;;;52.0;-1.8352088928222656
39;90200;VEV_5300;51;18;;;;;53;18;;;;;52.0;-1.7869186401367188
39;90300;VEV_5300;51;20;;;;;53;20;;;;;52.0;-1.8923492431640625
39;90400;VEV_5300;51;18;;;;;54;18;;;;;52.5;-1.4984779357910156
39;90500;VEV_5300;51;24;;;;;53;7;54;17;;;52.0;-1.6393547058105469
39;90600;VEV_5300;51;23;;;;;53;23;;;;;52.0;-2.1012306213378906
39;90700;VEV_5300;51;5;50;12;;;53;17;;;;;52.0;-2.2943458557128906
39;90800;VEV_5300;50;18;;;;;52;18;;;;;51.0;-2.9503517150878906
39;90900;VEV_5300;50;19;;;;;52;8;53;11;;;51.0;-2.6916275024414062
39;91000;VEV_5300;50;24;;;;;52;24;;;;;51.0;-3.2228927612304688
39;91100;VEV_5300;50;20;;;;;52;20;;;;;51.0;-3.1669044494628906
39;91200;VEV_5300;50;17;;;;;52;17;;;;;51.0;-3.1830482482910156
39;91300;VEV_5300;50;25;;;;;53;25;;;;;51.5;-2.5639114379882812
39;91400;VEV_5300;51;23;;;;;53;23;;;;;52.0;-1.8504142761230469
39;91500;VEV_5300;51;27;;;;;53;27;;;;;52.0;-2.212890625
39;91600;VEV_5300;51;29;;;;;53;29;;;;;52.0;-1.9516677856445312
39;91700;VEV_5300;50;22;;;;;53;22;;;;;51.5;-2.5558624267578125
39;91800;VEV_5300;50;19;;;;;53;19;;;;;51.5;-2.5172653198242188
39;91900;VEV_5300;50;22;;;;;52;22;;;;;51.0;-2.823394775390625
39;92000;VEV_5300;51;26;;;;;53;7;54;19;;;52.0;-1.7197036743164062
39;92100;VEV_5300;51;9;50;10;;;53;19;;;;;52.0;-2.343433380126953
39;92200;VEV_5300;51;27;;;;;53;27;;;;;52.0;-1.9230842590332031
39;92300;VEV_5300;51;8;50;20;;;53;28;;;;;52.0;-2.361236572265625
39;92400;VEV_5300;50;18;;;;;53;18;;;;;51.5;-2.3912315368652344
39;92500;VEV_5300;51;26;;;;;53;26;;;;;52.0;-2.12872314453125
39;92600;VEV_5300;51;16;;;;;53;16;;;;;52.0;-1.95928955078125
39;92700;VEV_5300;51;27;;;;;53;10;54;17;;;52.0;-1.7617111206054688
39;92800;VEV_5300;52;25;;;;;54;25;;;;;53.0;-1.203033447265625
39;92900;VEV_5300;52;29;;;;;54;29;;;;;53.0;-0.9087028503417969
39;93000;VEV_5300;52;20;;;;;54;20;;;;;53.0;-0.8293113708496094
39;93100;VEV_5300;52;25;;;;;54;25;;;;;53.0;-0.7981758117675781
39;93200;VEV_5300;51;25;;;;;54;25;;;;;52.5;-1.437286376953125
39;93300;VEV_5300;51;28;;;;;53;8;54;20;;;52.0;-1.6686019897460938
39;93400;VEV_5300;51;25;;;;;53;25;;;;;52.0;-2.0488548278808594
39;93500;VEV_5300;51;17;;;;;53;17;;;;;52.0;-1.8211402893066406
39;93600;VEV_5300;51;5;50;11;;;53;16;;;;;52.0;-2.237346649169922
39;93700;VEV_5300;50;22;;;;;53;22;;;;;51.5;-2.4101181030273438
39;93800;VEV_5300;51;18;;;;;54;18;;;;;52.5;-1.3922080993652344
39;93900;VEV_5300;52;20;;;;;54;20;;;;;53.0;-0.8476486206054688
39;94000;VEV_5300;52;9;51;15;;;54;24;;;;;53.0;-1.3403205871582031
39;94100;VEV_5300;51;24;;;;;53;24;;;;;52.0;-2.068523406982422
39;94200;VEV_5300;51;19;;;;;53;19;;;;;52.0;-2.0235939025878906
39;94300;VEV_5300;51;26;;;;;53;26;;;;;52.0;-1.9179649353027344
39;94400;VEV_5300;51;5;50;15;;;53;20;;;;;52.0;-2.260082244873047
39;94500;VEV_5300;51;25;;;;;53;25;;;;;52.0;-2.1951942443847656
39;94600;VEV_5300;50;25;;;;;53;25;;;;;51.5;-2.5350074768066406
39;94700;VEV_5300;50;21;;;;;52;21;;;;;51.0;-3.184051513671875
39;94800;VEV_5300;49;23;;;;;51;23;;;;;50.0;-3.7923355102539062
39;94900;VEV_5300;49;21;;;;;51;8;52;13;;;50.0;-3.6973419189453125
39;95000;VEV_5300;49;19;;;;;51;6;52;13;;;50.0;-3.6771774291992188
39;95100;VEV_5300;49;17;;;;;52;17;;;;;50.5;-3.5534591674804688
39;95200;VEV_5300;48;25;;;;;50;25;;;;;49.0;-4.767246246337891
39;95300;VEV_5300;48;20;;;;;50;20;;;;;49.0;-5.145011901855469
39;95400;VEV_5300;48;19;;;;;50;19;;;;;49.0;-4.810455322265625
39;95500;VEV_5300;48;23;;;;;51;23;;;;;49.5;-4.553474426269531
39;95600;VEV_5300;48;24;;;;;51;24;;;;;49.5;-4.467018127441406
39;95700;VEV_5300;48;25;;;;;51;25;;;;;49.5;-4.479133605957031
39;95800;VEV_5300;48;17;;;;;50;17;;;;;49.0;-4.928707122802734
39;95900;VEV_5300;48;25;;;;;50;25;;;;;49.0;-4.862743377685547
39;96000;VEV_5300;48;29;;;;;50;29;;;;;49.0;-4.961830139160156
39;96100;VEV_5300;48;29;;;;;50;29;;;;;49.0;-4.778587341308594
39;96200;VEV_5300;49;19;;;;;51;19;;;;;50.0;-4.140724182128906
39;96300;VEV_5300;49;26;;;;;52;26;;;;;50.5;-3.5922813415527344
39;96400;VEV_5300;50;26;;;;;52;26;;;;;51.0;-3.067394256591797
39;96500;VEV_5300;49;25;;;;;51;8;52;17;;;50.0;-3.7157058715820312
39;96600;VEV_5300;49;9;48;13;;;51;22;;;;;50.0;-4.320045471191406
39;96700;VEV_5300;49;17;;;;;51;17;;;;;50.0;-4.0221710205078125
39;96800;VEV_5300;49;6;48;10;;;51;16;;;;;50.0;-4.306388854980469
39;96900;VEV_5300;49;24;;;;;51;24;;;;;50.0;-3.7927894592285156
39;97000;VEV_5300;49;22;;;;;51;22;;;;;50.0;-4.096363067626953
39;97100;VEV_5300;48;27;;;;;51;27;;;;;49.5;-4.591316223144531
39;97200;VEV_5300;48;19;;;;;51;19;;;;;49.5;-4.563636779785156
39;97300;VEV_5300;48;23;;;;;50;23;;;;;49.0;-4.980167388916016
39;97400;VEV_5300;48;5;47;20;;;50;25;;;;;49.0;-5.287666320800781
39;97500;VEV_5300;48;23;;;;;50;23;;;;;49.0;-4.9189910888671875
39;97600;VEV_5300;48;17;;;;;50;17;;;;;49.0;-4.892894744873047
39;97700;VEV_5300;48;21;;;;;50;21;;;;;49.0;-5.040626525878906
39;97800;VEV_5300;48;25;;;;;50;25;;;;;49.0;-5.164783477783203
39;97900;VEV_5300;48;24;;;;;50;24;;;;;49.0;-5.0485992431640625
39;98000;VEV_5300;48;21;;;;;51;21;;;;;49.5;-4.559814453125
39;98100;VEV_5300;49;18;;;;;51;7;52;11;;;50.0;-3.7193222045898438
39;98200;VEV_5300;50;27;;;;;52;27;;;;;51.0;-3.1326446533203125
39;98300;VEV_5300;50;25;;;;;52;25;;;;;51.0;-3.206146240234375
39;98400;VEV_5300;49;22;;;;;51;6;52;16;;;50.0;-3.7000732421875
39;98500;VEV_5300;49;24;;;;;51;10;52;14;;;50.0;-3.70025634765625
39;98600;VEV_5300;50;26;;;;;52;26;;;;;51.0;-3.0745468139648438
39;98700;VEV_5300;49;29;;;;;52;29;;;;;50.5;-3.4590187072753906
39;98800;VEV_5300;49;24;;;;;51;5;52;19;;;50.0;-3.713207244873047
39;98900;VEV_5300;49;22;;;;;52;22;;;;;50.5;-3.542888641357422
39;99000;VEV_5300;50;6;49;18;;;52;24;;;;;51.0;-3.3645401000976562
39;99100;VEV_5300;49;26;;;;;51;26;;;;;50.0;-3.819255828857422
39;99200;VEV_5300;49;16;;;;;51;16;;;;;50.0;-3.8574066162109375
39;99300;VEV_5300;49;24;;;;;51;24;;;;;50.0;-4.198833465576172
39;99400;VEV_5300;49;25;;;;;51;7;52;18;;;50.0;-3.6665191650390625
39;99500;VEV_5300;49;15;;;;;51;15;;;;;50.0;-3.939800262451172
39;99600;VEV_5300;49;19;;;;;51;19;;;;;50.0;-4.025722503662109
39;99700;VEV_5300;48;25;;;;;51;25;;;;;49.5;-4.42498779296875
39;99800;VEV_5300;49;24;;;;;51;24;;;;;50.0;-3.9556961059570312
39;99900;VEV_5300;49;21;;;;;51;21;;;;;50.0;-3.865276336669922
