day;timestamp;product;bid_price_1;bid_volume_1;bid_price_2;bid_volume_2;bid_price_3;bid_volume_3;ask_price_1;ask_volume_1;ask_price_2;ask_volume_2;ask_price_3;ask_volume_3;mid_price;profit_and_loss;profit_and_loss_engine;micro_mid;wall_mid;popular_mid;internal_fair_recovered;internal_minus_micro
19;0;ASH_COATED_OSMIUM;9992.0;23.0;;;;;10011.0;13.0;;;;;10001.5;0.0;0.0;10001.5;10001.5;10001.5;10012.481375472747;10.981375472747459
19;0;INTARIAN_PEPPER_ROOT;11991.0;20.0;;;;;12006.0;11.0;12009.0;20.0;;;11998.5;0.0;0.0;11998.5;12000.0;12000.0;10003.055482006885;-1995.4445179931154
19;100;INTARIAN_PEPPER_ROOT;11994.0;12.0;11991.0;20.0;;;12010.0;20.0;;;;;12002.0;0.0;0.0;12002.0;12000.5;12000.5;10002.510741694769;-1999.4892583052315
19;100;ASH_COATED_OSMIUM;9995.0;15.0;9992.0;21.0;;;10013.0;21.0;;;;;10004.0;0.0;-8.296875;10004.0;10002.5;10002.5;10002.269990884728;-1.7300091152719688
19;200;INTARIAN_PEPPER_ROOT;11991.0;21.0;;;;;12007.0;10.0;12010.0;21.0;;;11999.0;0.0;0.0;11999.0;12000.5;12000.5;10001.962673030439;-1997.037326969561
19;200;ASH_COATED_OSMIUM;9994.0;14.0;9992.0;21.0;;;10013.0;21.0;;;;;10003.5;0.0;-8.7763671875;10003.5;10002.5;10002.5;10002.123543387377;-1.3764566126228601
19;300;ASH_COATED_OSMIUM;10000.0;4.0;9994.0;15.0;9992.0;26.0;10010.0;15.0;10013.0;26.0;;;10005.0;0.0;-8.98828125;10005.0;10002.5;10002.5;10002.156826909502;-2.8431730904976575
19;300;INTARIAN_PEPPER_ROOT;11994.0;11.0;11991.0;18.0;;;12007.0;11.0;;;;;12000.5;0.0;0.0;12000.5;11999.0;11999.0;10001.698623754912;-1998.8013762450882
19;400;ASH_COATED_OSMIUM;9994.0;10.0;9991.0;26.0;;;10010.0;10.0;10012.0;26.0;;;10002.0;0.0;-9.2587890625;10002.0;10001.5;10001.5;10001.152773992058;-0.8472260079415719
19;400;INTARIAN_PEPPER_ROOT;;;;;;;12007.0;9.0;12010.0;23.0;;;12007.0;0.0;0.0;;;;10000.376158475803;
19;500;INTARIAN_PEPPER_ROOT;11994.0;10.0;11991.0;17.0;;;12007.0;10.0;12010.0;17.0;;;12000.5;0.0;0.0;12000.5;12000.5;12000.5;10000.824376573757;-1999.675623426243
19;500;ASH_COATED_OSMIUM;9994.0;13.0;9991.0;23.0;;;10010.0;13.0;10012.0;23.0;;;10002.0;0.0;-9.1171875;10002.0;10001.5;10001.5;10000.758918980244;-1.241081019756166
19;600;INTARIAN_PEPPER_ROOT;11994.0;12.0;11991.0;17.0;;;12007.0;12.0;;;;;12000.5;0.0;0.0;12000.5;11999.0;11999.0;10001.131694428046;-1999.368305571954
19;600;ASH_COATED_OSMIUM;9994.0;15.0;;;;;10010.0;15.0;;;;;10002.0;0.0;-9.087890625;10002.0;10002.0;10002.0;10001.163868499434;-0.836131500565898
19;700;ASH_COATED_OSMIUM;9994.0;11.0;;;;;;;;;;;9994.0;0.0;-9.4912109375;;;;10000.93864999972;
19;700;INTARIAN_PEPPER_ROOT;11994.0;12.0;11991.0;15.0;;;12007.0;12.0;12010.0;15.0;;;12000.5;0.0;0.0;12000.5;12000.5;12000.5;10000.530372128318;-1999.969627871682
19;800;ASH_COATED_OSMIUM;9991.0;24.0;;;;;10009.0;13.0;10012.0;24.0;;;10000.0;0.0;-9.9716796875;10000.0;10001.5;10001.5;9999.991179069888;-0.008820930112051428
19;800;INTARIAN_PEPPER_ROOT;;;;;;;12010.0;20.0;;;;;12010.0;0.0;0.0;;;;10000.138736017978;
19;900;INTARIAN_PEPPER_ROOT;11994.0;11.0;11991.0;22.0;;;12007.0;11.0;12010.0;22.0;;;12000.5;0.0;0.0;12000.5;12000.5;12000.5;9999.962333350713;-2000.5376666492866
19;900;ASH_COATED_OSMIUM;9992.0;12.0;9990.0;20.0;;;10008.0;12.0;10011.0;20.0;;;10000.0;0.0;-10.6552734375;10000.0;10000.5;10000.5;10000.515949268729;0.5159492687289458
19;1000;INTARIAN_PEPPER_ROOT;11994.0;12.0;11991.0;15.0;;;12007.0;12.0;12010.0;15.0;;;12000.5;0.0;0.0;12000.5;12000.5;12000.5;10001.304768743097;-1999.1952312569028
19;1000;ASH_COATED_OSMIUM;9993.0;14.0;9990.0;30.0;;;10011.0;30.0;;;;;10002.0;0.0;-10.2607421875;10002.0;10000.5;10000.5;10001.320301053422;-0.6796989465783554
19;1100;ASH_COATED_OSMIUM;;;;;;;10009.0;15.0;10011.0;21.0;;;10009.0;0.0;-10.318359375;;;;10001.238201698847;
19;1100;INTARIAN_PEPPER_ROOT;11995.0;8.0;11992.0;25.0;;;;;;;;;11995.0;0.0;0.0;;;;10001.289236432773;
19;1200;ASH_COATED_OSMIUM;;;;;;;10009.0;10.0;10012.0;22.0;;;10009.0;0.0;-9.990234375;;;;10001.434574479386;
19;1200;INTARIAN_PEPPER_ROOT;11995.0;9.0;11992.0;15.0;;;12011.0;15.0;;;;;12003.0;0.0;0.0;12003.0;12001.5;12001.5;10001.638713415086;-2001.3612865849136
19;1300;INTARIAN_PEPPER_ROOT;11995.0;11.0;;;;;12008.0;11.0;12011.0;20.0;;;12001.5;0.0;0.0;12001.5;12003.0;12003.0;10001.480061959623;-2000.0199380403774
19;1300;ASH_COATED_OSMIUM;9993.0;11.0;9991.0;25.0;;;10009.0;11.0;10012.0;25.0;;;10001.0;0.0;-9.9619140625;10001.0;10001.5;10001.5;10001.622071654025;0.622071654024694
19;1400;INTARIAN_PEPPER_ROOT;11995.0;10.0;11992.0;17.0;;;12008.0;10.0;;;;;12001.5;0.0;0.0;12001.5;12000.0;12000.0;10001.623181104762;-1999.876818895238
19;1400;ASH_COATED_OSMIUM;9993.0;13.0;9990.0;23.0;;;10009.0;13.0;10011.0;23.0;;;10001.0;0.0;-10.16015625;10001.0;10000.5;10000.5;10001.301440390886;0.30144039088554564
19;1500;ASH_COATED_OSMIUM;9992.0;10.0;9990.0;20.0;;;10008.0;10.0;10011.0;20.0;;;10000.0;0.0;-10.51953125;10000.0;10000.5;10000.5;10001.402400407998;1.402400407998357
19;1500;INTARIAN_PEPPER_ROOT;11995.0;9.0;11992.0;25.0;;;12011.0;25.0;;;;;12003.0;0.0;0.0;12003.0;12001.5;12001.5;10001.715265515975;-2001.2847344840247
19;1600;ASH_COATED_OSMIUM;9992.0;11.0;;;;;10011.0;28.0;;;;;10001.5;0.0;-10.994140625;10001.5;10001.5;10001.5;10001.636494513612;0.13649451361197862
19;1600;INTARIAN_PEPPER_ROOT;11995.0;8.0;11992.0;18.0;;;12011.0;18.0;;;;;12003.0;0.0;0.0;12003.0;12001.5;12001.5;10001.636494513612;-2001.363505486388
19;1700;INTARIAN_PEPPER_ROOT;11995.0;8.0;11992.0;24.0;;;;;;;;;11995.0;0.0;0.0;;;;10001.344708969647;
19;1700;ASH_COATED_OSMIUM;9992.0;12.0;9990.0;28.0;;;10008.0;12.0;10011.0;28.0;;;10000.0;0.0;-10.8642578125;10000.0;10000.5;10000.5;10001.574365272312;1.5743652723122068
19;1800;INTARIAN_PEPPER_ROOT;11995.0;10.0;11992.0;18.0;;;12008.0;10.0;12011.0;18.0;;;12001.5;0.0;0.0;12001.5;12001.5;12001.5;10001.51223603101;-1999.9877639689894
19;1800;ASH_COATED_OSMIUM;9992.0;13.0;9989.0;23.0;;;10008.0;13.0;10010.0;23.0;;;10000.0;0.0;-11.01953125;10000.0;9999.5;9999.5;10001.487828114787;1.48782811478668
19;1900;ASH_COATED_OSMIUM;9990.0;30.0;;;;;10008.0;14.0;10011.0;30.0;;;9999.0;0.0;-10.5322265625;9999.0;10000.5;10000.5;10001.668668585;2.6686685849999776
19;1900;INTARIAN_PEPPER_ROOT;11995.0;8.0;11992.0;24.0;;;12008.0;8.0;12011.0;24.0;;;12001.5;0.0;0.0;12001.5;12001.5;12001.5;10001.446778437497;-2000.0532215625026
19;2000;ASH_COATED_OSMIUM;9993.0;15.0;9991.0;21.0;;;10009.0;15.0;;;;;10001.0;0.0;-9.837890625;10001.0;10000.0;10000.0;10001.361350730711;0.3613507307109103
19;2000;INTARIAN_PEPPER_ROOT;11995.0;8.0;11992.0;16.0;;;12009.0;8.0;12012.0;16.0;;;12002.0;0.0;0.0;12002.0;12002.0;12002.0;10000.521496522417;-2001.4785034775832
19;2100;INTARIAN_PEPPER_ROOT;11996.0;9.0;11993.0;21.0;;;;;;;;;11996.0;0.0;0.0;;;;10000.58695411593;
19;2100;ASH_COATED_OSMIUM;9991.0;26.0;;;;;10009.0;13.0;10012.0;26.0;;;10000.0;0.0;-9.82421875;10000.0;10001.5;10001.5;10000.79553085458;0.7955308545806474
19;2200;INTARIAN_PEPPER_ROOT;11996.0;8.0;;;;;12009.0;8.0;12012.0;22.0;;;12002.5;0.0;0.0;12002.5;12004.0;12004.0;10000.59582972183;-2001.9041702781706
19;2200;ASH_COATED_OSMIUM;9993.0;11.0;9991.0;20.0;;;;;;;;;9993.0;0.0;-9.896484375;;;;10000.82326712302;
19;2300;INTARIAN_PEPPER_ROOT;11996.0;10.0;11993.0;24.0;;;12009.0;10.0;12012.0;24.0;;;12002.5;0.0;0.0;12002.5;12002.5;12002.5;10000.788874150156;-2001.7111258498444
19;2300;ASH_COATED_OSMIUM;9993.0;11.0;;;;;10009.0;11.0;;;;;10001.0;0.0;-9.8515625;10001.0;10001.0;10001.0;10000.639098300593;-0.3609016994068952
19;2400;INTARIAN_PEPPER_ROOT;11996.0;9.0;11993.0;23.0;;;12009.0;9.0;12012.0;23.0;;;12002.5;0.0;0.0;12002.5;12002.5;12002.5;10000.665725118293;-2001.8342748817067
19;2400;ASH_COATED_OSMIUM;9993.0;13.0;9991.0;20.0;;;10009.0;13.0;10012.0;20.0;;;10001.0;0.0;-9.7236328125;10001.0;10001.5;10001.5;10000.94752560562;-0.05247439438062429
19;2500;ASH_COATED_OSMIUM;9993.0;11.0;;;;;10009.0;11.0;10012.0;21.0;;;10001.0;0.0;-9.5439453125;10001.0;10002.5;10002.5;10000.490431901768;-0.5095680982321937
19;2500;INTARIAN_PEPPER_ROOT;11993.0;23.0;;;;;12009.0;9.0;12012.0;23.0;;;12001.0;0.0;0.0;12001.0;12002.5;12002.5;10000.82215767228;-2000.1778423277192
19;2600;ASH_COATED_OSMIUM;9991.0;29.0;;;;;10009.0;10.0;10012.0;29.0;;;10000.0;0.0;-9.68359375;10000.0;10001.5;10001.5;10000.880958561369;0.8809585613689705
19;2600;INTARIAN_PEPPER_ROOT;11993.0;23.0;;;;;12009.0;9.0;;;;;12001.0;0.0;0.0;12001.0;12001.0;12001.0;10000.652411709443;-2000.3475882905568
19;2700;ASH_COATED_OSMIUM;9993.0;10.0;9991.0;21.0;;;10012.0;21.0;;;;;10002.5;0.0;-9.55859375;10002.5;10001.5;10001.5;10001.07178408822;-1.4282159117792617
19;2700;INTARIAN_PEPPER_ROOT;11996.0;10.0;11993.0;19.0;;;12009.0;10.0;;;;;12002.5;0.0;0.0;12002.5;12001.0;12001.0;10001.922732803889;-2000.5772671961113
19;2800;ASH_COATED_OSMIUM;9993.0;14.0;9991.0;27.0;;;10009.0;14.0;;;;;10001.0;0.0;-9.5576171875;10001.0;10000.0;10000.0;10001.623181104762;0.6231811047618976
19;2800;INTARIAN_PEPPER_ROOT;11996.0;9.0;11993.0;17.0;;;12012.0;17.0;;;;;12004.0;0.0;0.0;12004.0;12002.5;12002.5;10001.454544592661;-2002.5454554073385
19;2900;ASH_COATED_OSMIUM;9993.0;12.0;9991.0;20.0;;;10009.0;12.0;10012.0;20.0;;;10001.0;0.0;-9.8408203125;10001.0;10001.5;10001.5;10002.064742498289;1.0647424982889788
19;2900;INTARIAN_PEPPER_ROOT;11996.0;11.0;;;;;12009.0;11.0;12012.0;19.0;;;12002.5;0.0;0.0;12002.5;12004.0;12004.0;10001.513345481748;-2000.9866545182522
19;3000;ASH_COATED_OSMIUM;9993.0;11.0;9991.0;29.0;;;10009.0;11.0;10012.0;29.0;;;10001.0;0.0;-9.751953125;10001.0;10001.5;10001.5;10001.035172213884;0.035172213883924996
19;3000;INTARIAN_PEPPER_ROOT;11996.0;12.0;11993.0;21.0;;;12010.0;12.0;12013.0;21.0;;;12003.0;0.0;0.0;12003.0;12003.0;12003.0;10000.998560339545;-2002.0014396604547
19;3100;ASH_COATED_OSMIUM;9994.0;13.0;;;;;10012.0;27.0;;;;;10003.0;0.0;-9.4765625;10003.0;10003.0;10003.0;10000.894271970219;-2.1057280297809484
19;3100;INTARIAN_PEPPER_ROOT;11994.0;21.0;;;;;12010.0;9.0;12013.0;21.0;;;12002.0;0.0;0.0;12002.0;12003.5;12003.5;10000.669053470505;-2001.3309465294951
19;3200;INTARIAN_PEPPER_ROOT;11997.0;10.0;;;;;12010.0;10.0;12013.0;20.0;;;12003.5;0.0;0.0;12003.5;12005.0;12005.0;9999.7548660628;-2003.7451339372
19;3200;ASH_COATED_OSMIUM;9991.0;24.0;;;;;10012.0;24.0;;;;;10001.5;0.0;-9.5458984375;10001.5;10001.5;10001.5;10000.132079313553;-1.367920686447178
19;3300;INTARIAN_PEPPER_ROOT;11997.0;9.0;11994.0;18.0;;;12013.0;18.0;;;;;12005.0;0.0;0.0;12005.0;12003.5;12003.5;9999.833637065163;-2005.1663629348368
19;3300;ASH_COATED_OSMIUM;9993.0;10.0;9991.0;24.0;;;10009.0;10.0;;;;;10001.0;0.0;-9.5458984375;10001.0;10000.0;10000.0;10000.074387875202;-0.9256121247981355
19;3400;INTARIAN_PEPPER_ROOT;11997.0;11.0;11994.0;23.0;;;12010.0;11.0;12013.0;23.0;;;12003.5;0.0;0.0;12003.5;12003.5;12003.5;10000.316248135978;-2003.1837518640223
19;3400;ASH_COATED_OSMIUM;10003.0;6.0;9993.0;12.0;9991.0;27.0;10009.0;12.0;10012.0;27.0;;;10006.0;0.0;-9.802734375;10006.0;10001.5;10001.5;10000.477118492918;-5.522881507082275
19;3500;INTARIAN_PEPPER_ROOT;11997.0;11.0;;;;;12013.0;15.0;;;;;12005.0;0.0;0.0;12005.0;12005.0;12005.0;10000.397238039815;-2004.6027619601846
19;3500;ASH_COATED_OSMIUM;9991.0;26.0;;;;;10009.0;15.0;10012.0;26.0;;;10000.0;0.0;-9.6005859375;10000.0;10001.5;10001.5;10000.34176550294;0.34176550294068875
19;3600;INTARIAN_PEPPER_ROOT;11997.0;8.0;11994.0;16.0;;;12010.0;8.0;;;;;12003.5;0.0;0.0;12003.5;12002.0;12002.0;10001.057361228633;-2002.4426387713665
19;3600;ASH_COATED_OSMIUM;9993.0;14.0;9991.0;27.0;;;10009.0;14.0;10012.0;27.0;;;10001.0;0.0;-9.6552734375;10001.0;10001.5;10001.5;10000.513730367255;-0.4862696327454614
19;3700;ASH_COATED_OSMIUM;9993.0;10.0;9991.0;25.0;;;10009.0;10.0;10012.0;25.0;;;10001.0;0.0;-9.6767578125;10001.0;10001.5;10001.5;10000.896490871695;-0.10350912830472225
19;3700;INTARIAN_PEPPER_ROOT;11997.0;8.0;;;;;12013.0;18.0;;;;;12005.0;0.0;0.0;12005.0;12005.0;12005.0;10000.914242083494;-2004.0857579165058
19;3800;INTARIAN_PEPPER_ROOT;11997.0;10.0;;;;;12010.0;10.0;;;;;12003.5;0.0;0.0;12003.5;12003.5;12003.5;10000.784436347207;-2002.7155636527932
19;3800;ASH_COATED_OSMIUM;9991.0;24.0;;;;;10009.0;10.0;10012.0;24.0;;;10000.0;0.0;-9.517578125;10000.0;10001.5;10001.5;10001.274813573185;1.2748135731853836
19;3900;ASH_COATED_OSMIUM;9993.0;15.0;9991.0;24.0;;;10009.0;15.0;10012.0;24.0;;;10001.0;0.0;-9.712890625;10001.0;10001.5;10001.5;10000.957510662258;-0.04248933774215402
19;3900;INTARIAN_PEPPER_ROOT;11997.0;8.0;11994.0;25.0;;;12013.0;25.0;;;;;12005.0;0.0;0.0;12005.0;12003.5;12003.5;10000.616909285844;-2004.3830907141564
19;4000;INTARIAN_PEPPER_ROOT;11997.0;10.0;11994.0;20.0;;;12011.0;10.0;12014.0;20.0;;;12004.0;0.0;0.0;12004.0;12004.0;12004.0;10000.123203707652;-2003.8767962923484
19;4000;ASH_COATED_OSMIUM;9993.0;11.0;9991.0;30.0;;;10009.0;11.0;10012.0;30.0;;;10001.0;0.0;-9.7880859375;10001.0;10001.5;10001.5;9999.962333350713;-1.0376666492866207
19;4100;ASH_COATED_OSMIUM;9992.0;10.0;9990.0;22.0;;;;;;;;;9992.0;0.0;-10.52734375;;;;9999.939034885227;
19;4100;INTARIAN_PEPPER_ROOT;11998.0;8.0;11995.0;15.0;;;12011.0;8.0;12014.0;15.0;;;12004.5;0.0;0.0;12004.5;12004.5;12004.5;10000.056636663401;-2004.4433633365988
19;4200;INTARIAN_PEPPER_ROOT;11995.0;17.0;;;;;12011.0;9.0;;;;;12003.0;0.0;0.0;12003.0;12003.0;12003.0;10000.176457343052;-2002.8235426569481
19;4200;ASH_COATED_OSMIUM;9990.0;28.0;;;;;10011.0;28.0;;;;;10000.5;0.0;-10.4697265625;10000.5;10000.5;10000.5;9999.8081196982;-0.6918803017997561
19;4300;ASH_COATED_OSMIUM;;;;;;;10009.0;10.0;10011.0;26.0;;;10009.0;0.0;-10.2861328125;;;;9999.459752166622;
19;4300;INTARIAN_PEPPER_ROOT;11995.0;16.0;;;;;12014.0;16.0;;;;;12004.5;0.0;0.0;12004.5;12004.5;12004.5;9999.339931486971;-2005.1600685130288
19;4400;INTARIAN_PEPPER_ROOT;11998.0;9.0;11995.0;20.0;;;12014.0;20.0;;;;;12006.0;0.0;0.0;12006.0;12004.5;12004.5;9999.36322995246;-2006.6367700475403
19;4400;ASH_COATED_OSMIUM;9990.0;28.0;;;;;10009.0;15.0;10011.0;28.0;;;9999.5;0.0;-10.4619140625;9999.5;10000.5;10000.5;9999.840293769588;0.34029376958824287
19;4500;ASH_COATED_OSMIUM;9993.0;13.0;9990.0;26.0;;;10009.0;13.0;10011.0;26.0;;;10001.0;0.0;-10.26171875;10001.0;10000.5;10000.5;10000.361735616216;-0.6382643837841897
19;4500;INTARIAN_PEPPER_ROOT;11998.0;11.0;11995.0;16.0;;;12014.0;16.0;;;;;12006.0;0.0;0.0;12006.0;12004.5;12004.5;10000.304044177865;-2005.6959558221351
19;4600;INTARIAN_PEPPER_ROOT;11998.0;12.0;11995.0;20.0;;;12011.0;12.0;12014.0;20.0;;;12004.5;0.0;0.0;12004.5;12004.5;12004.5;10000.482665746604;-2004.0173342533963
19;4600;ASH_COATED_OSMIUM;9993.0;15.0;9990.0;21.0;;;10009.0;15.0;10011.0;21.0;;;10001.0;0.0;-10.2919921875;10001.0;10000.5;10000.5;9999.959004998502;-1.0409950014982314
19;4700;ASH_COATED_OSMIUM;9993.0;14.0;9990.0;26.0;;;10011.0;26.0;;;;;10002.0;0.0;-10.423828125;10002.0;10000.5;10000.5;10000.035557099389;-1.964442900611175
19;4700;INTARIAN_PEPPER_ROOT;11998.0;10.0;11995.0;15.0;;;12014.0;15.0;;;;;12006.0;0.0;0.0;12006.0;12004.5;12004.5;10000.011149183163;-2005.988850816837
19;4800;INTARIAN_PEPPER_ROOT;;;;;;;12011.0;11.0;12014.0;23.0;;;12011.0;0.0;0.0;;;;10001.105067610346;
19;4800;ASH_COATED_OSMIUM;9998.0;3.0;9993.0;14.0;9990.0;22.0;10009.0;14.0;10011.0;22.0;;;10003.5;0.0;-10.400390625;10003.5;10000.5;10000.5;10001.668668585;-1.8313314150000224
19;4900;ASH_COATED_OSMIUM;9990.0;22.0;;;;;10009.0;12.0;10011.0;22.0;;;9999.5;0.0;-10.15234375;9999.5;10000.5;10000.5;10002.000394355515;2.5003943555148
19;4900;INTARIAN_PEPPER_ROOT;11998.0;12.0;11995.0;18.0;;;12011.0;12.0;;;;;12004.5;0.0;0.0;12004.5;12003.0;12003.0;10002.673830953181;-2001.826169046819
19;5000;INTARIAN_PEPPER_ROOT;11998.0;8.0;11995.0;17.0;;;12012.0;8.0;12015.0;17.0;;;12005.0;0.0;0.0;12005.0;12005.0;12005.0;10002.511851145506;-2002.4881488544943
19;5000;ASH_COATED_OSMIUM;9992.0;11.0;;;;;10008.0;11.0;;;;;10000.0;0.0;-10.5546875;10000.0;10000.0;10000.0;10002.484114877068;2.4841148770683503
19;5100;ASH_COATED_OSMIUM;9993.0;11.0;9990.0;26.0;;;9998.0;4.0;10009.0;11.0;10011.0;26.0;9995.5;0.0;-10.2626953125;9995.5;10000.5;10000.5;10002.404234423968;6.904234423967864
19;5100;INTARIAN_PEPPER_ROOT;11999.0;9.0;11996.0;24.0;;;12012.0;9.0;12015.0;24.0;;;12005.5;0.0;0.0;12005.5;12005.5;12005.5;10002.581746541968;-2002.9182534580323
19;5200;INTARIAN_PEPPER_ROOT;11999.0;9.0;11996.0;18.0;;;12012.0;9.0;12015.0;18.0;;;12005.5;0.0;0.0;12005.5;12005.5;12005.5;10002.577308739019;-2002.922691260981
19;5200;ASH_COATED_OSMIUM;9993.0;13.0;9990.0;23.0;;;10009.0;13.0;10011.0;23.0;;;10001.0;0.0;-10.2109375;10001.0;10000.5;10000.5;10002.56732368238;1.5673236823804473
19;5300;ASH_COATED_OSMIUM;9993.0;10.0;9990.0;22.0;;;10009.0;10.0;10011.0;22.0;;;10001.0;0.0;-10.412109375;10001.0;10000.5;10000.5;10002.396468268804;1.396468268803801
19;5300;INTARIAN_PEPPER_ROOT;11999.0;12.0;11996.0;25.0;;;12015.0;25.0;;;;;12007.0;0.0;0.0;12007.0;12005.5;12005.5;10002.297727153167;-2004.7022728468328
19;5400;INTARIAN_PEPPER_ROOT;11999.0;10.0;11996.0;25.0;;;12015.0;25.0;;;;;12007.0;0.0;0.0;12007.0;12005.5;12005.5;10002.753711406282;-2004.2462885937184
19;5400;ASH_COATED_OSMIUM;9990.0;30.0;;;;;10011.0;30.0;;;;;10000.5;0.0;-10.04296875;10000.5;10000.5;10000.5;10002.886845494782;2.386845494782392
19;5500;ASH_COATED_OSMIUM;9994.0;15.0;;;;;10012.0;28.0;;;;;10003.0;0.0;-9.2939453125;10003.0;10003.0;10003.0;10002.903487255846;-0.09651274415409716
19;5500;INTARIAN_PEPPER_ROOT;11999.0;12.0;11996.0;25.0;;;12015.0;25.0;;;;;12007.0;0.0;0.0;12007.0;12005.5;12005.5;10002.849124169708;-2004.1508758302916
19;5600;INTARIAN_PEPPER_ROOT;11999.0;8.0;;;;;12012.0;8.0;12015.0;23.0;;;12005.5;0.0;0.0;12005.5;12007.0;12007.0;10002.458597510105;-2003.0414024898946
19;5600;ASH_COATED_OSMIUM;9991.0;23.0;;;;;10009.0;13.0;10012.0;23.0;;;10000.0;0.0;-9.5576171875;10000.0;10001.5;10001.5;10002.264443631042;2.2644436310420133
19;5700;ASH_COATED_OSMIUM;9993.0;12.0;9991.0;30.0;;;10009.0;12.0;;;;;10001.0;0.0;-9.7060546875;10001.0;10000.0;10000.0;10002.47856762338;1.4785676233805134
19;5700;INTARIAN_PEPPER_ROOT;11996.0;23.0;;;;;12015.0;23.0;;;;;12005.5;0.0;0.0;12005.5;12005.5;12005.5;10002.302164956116;-2003.197835043884
19;5800;INTARIAN_PEPPER_ROOT;11999.0;8.0;11996.0;18.0;;;12015.0;18.0;;;;;12007.0;0.0;0.0;12007.0;12005.5;12005.5;10002.267771983254;-2004.7322280167464
19;5800;ASH_COATED_OSMIUM;9991.0;28.0;;;;;10012.0;28.0;;;;;10001.5;0.0;-9.1689453125;10001.5;10001.5;10001.5;10002.753711406282;1.2537114062815817
19;5900;ASH_COATED_OSMIUM;9993.0;12.0;9991.0;21.0;;;10009.0;12.0;10012.0;21.0;;;10001.0;0.0;-9.654296875;10001.0;10001.5;10001.5;10002.019255018053;1.0192550180527178
19;5900;INTARIAN_PEPPER_ROOT;11999.0;11.0;11996.0;22.0;;;12012.0;11.0;;;;;12005.5;0.0;0.0;12005.5;12004.0;12004.0;10002.409781677654;-2003.0902183223461
19;6000;INTARIAN_PEPPER_ROOT;11999.0;12.0;11996.0;24.0;;;12013.0;12.0;12016.0;24.0;;;12006.0;0.0;0.0;12006.0;12006.0;12006.0;10002.415328931342;-2003.5846710686583
19;6000;ASH_COATED_OSMIUM;9990.0;30.0;;;;;10009.0;13.0;10011.0;30.0;;;9999.5;0.0;-10.0751953125;9999.5;10000.5;10000.5;10002.490771581493;2.990771581493391
19;6100;ASH_COATED_OSMIUM;9993.0;14.0;9990.0;24.0;;;10011.0;24.0;;;;;10002.0;0.0;-10.107421875;10002.0;10000.5;10000.5;10002.639437980319;0.6394379803186894
19;6100;INTARIAN_PEPPER_ROOT;12009.0;3.0;12000.0;11.0;11997.0;24.0;12013.0;11.0;;;;;12011.0;0.0;0.0;12011.0;12005.0;12005.0;10002.809183943158;-2008.1908160568419
19;6200;INTARIAN_PEPPER_ROOT;12000.0;10.0;11997.0;15.0;;;12013.0;10.0;12016.0;15.0;;;12006.5;0.0;0.0;12006.5;12006.5;12006.5;10003.254073688899;-2003.2459263111014
19;6200;ASH_COATED_OSMIUM;9993.0;12.0;9990.0;29.0;;;10009.0;12.0;10011.0;29.0;;;10001.0;0.0;-10.19921875;10001.0;10000.5;10000.5;10003.26627764701;2.2662776470097015
19;6300;ASH_COATED_OSMIUM;9993.0;14.0;9990.0;22.0;;;10009.0;14.0;10011.0;22.0;;;10001.0;0.0;-10.3974609375;10001.0;10000.5;10000.5;10003.315093479461;2.3150934794612112
19;6300;INTARIAN_PEPPER_ROOT;12000.0;12.0;11997.0;16.0;;;12013.0;12.0;12016.0;16.0;;;12006.5;0.0;0.0;12006.5;12006.5;12006.5;10002.951193637558;-2003.5488063624416
19;6400;INTARIAN_PEPPER_ROOT;12000.0;8.0;11997.0;21.0;;;12013.0;8.0;12016.0;21.0;;;12006.5;0.0;0.0;12006.5;12006.5;12006.5;10002.526274005093;-2003.973725994907
19;6400;ASH_COATED_OSMIUM;9992.0;14.0;9989.0;23.0;;;10010.0;23.0;;;;;10001.0;0.0;-11.2021484375;10001.0;9999.5;9999.5;10002.936770777971;1.9367707779711054
19;6500;ASH_COATED_OSMIUM;9992.0;12.0;9990.0;22.0;;;9998.0;4.0;10008.0;12.0;10011.0;22.0;9995.0;0.0;-10.8701171875;9995.0;10000.5;10000.5;10003.066576514258;8.066576514258486
19;6500;INTARIAN_PEPPER_ROOT;12000.0;10.0;;;;;12013.0;10.0;12016.0;17.0;;;12006.5;0.0;0.0;12006.5;12008.0;12008.0;10003.570267149087;-2002.9297328509128
19;6600;INTARIAN_PEPPER_ROOT;12000.0;11.0;11997.0;23.0;;;12013.0;11.0;12016.0;23.0;;;12006.5;0.0;0.0;12006.5;12006.5;12006.5;10004.270330564455;-2002.2296694355446
19;6600;ASH_COATED_OSMIUM;;;;;;;10008.0;13.0;;;;;10008.0;0.0;-11.1328125;;;;10003.897555116651;
19;6700;INTARIAN_PEPPER_ROOT;12000.0;10.0;11997.0;19.0;;;12013.0;10.0;;;;;12006.5;0.0;0.0;12006.5;12005.0;12005.0;10003.187506644648;-2003.3124933553518
19;6700;ASH_COATED_OSMIUM;9992.0;12.0;9990.0;30.0;;;10011.0;30.0;;;;;10001.5;0.0;-10.9208984375;10001.5;10000.5;10000.5;10003.561391543188;2.0613915431877103
19;6800;INTARIAN_PEPPER_ROOT;12000.0;8.0;11997.0;20.0;;;12013.0;8.0;;;;;12006.5;0.0;0.0;12006.5;12005.0;12005.0;10003.246307533735;-2003.2536924662654
19;6800;ASH_COATED_OSMIUM;9992.0;12.0;9990.0;29.0;;;10008.0;12.0;10011.0;29.0;;;10000.0;0.0;-10.7080078125;10000.0;10000.5;10000.5;10003.601331769738;3.6013317697379534
19;6900;ASH_COATED_OSMIUM;9992.0;11.0;9990.0;27.0;;;10008.0;11.0;10011.0;27.0;;;10000.0;0.0;-10.56640625;10000.0;10000.5;10000.5;10003.424929102473;3.4249291024734703
19;6900;INTARIAN_PEPPER_ROOT;12000.0;8.0;11997.0;20.0;;;12013.0;8.0;12016.0;20.0;;;12006.5;0.0;0.0;12006.5;12006.5;12006.5;10003.309546225773;-2003.1904537742266
19;7000;ASH_COATED_OSMIUM;9990.0;30.0;;;;;10011.0;30.0;;;;;10000.5;0.0;-10.63671875;10000.5;10000.5;10000.5;10002.926785721333;2.426785721332635
19;7000;INTARIAN_PEPPER_ROOT;12000.0;10.0;11997.0;23.0;;;12014.0;10.0;12017.0;23.0;;;12007.0;0.0;0.0;12007.0;12007.0;12007.0;10002.91458176322;-2004.0854182367802
19;7100;ASH_COATED_OSMIUM;10002.0;9.0;9992.0;11.0;;;10008.0;11.0;10011.0;30.0;;;10005.0;0.0;-10.685546875;10005.0;10001.5;10001.5;10002.241145165553;-2.758854834446538
19;7100;INTARIAN_PEPPER_ROOT;12001.0;12.0;11998.0;23.0;;;12014.0;12.0;12017.0;23.0;;;12007.5;0.0;0.0;12007.5;12007.5;12007.5;10002.141294599178;-2005.3587054008221
19;7200;ASH_COATED_OSMIUM;9993.0;13.0;9990.0;22.0;;;10009.0;13.0;10011.0;22.0;;;10001.0;0.0;-10.0556640625;10001.0;10000.5;10000.5;10002.237816813342;1.2378168133418512
19;7200;INTARIAN_PEPPER_ROOT;12001.0;11.0;11998.0;22.0;;;12017.0;22.0;;;;;12009.0;0.0;0.0;12009.0;12007.5;12007.5;10002.328791773816;-2006.6712082261838
19;7300;ASH_COATED_OSMIUM;9992.0;10.0;;;;;10008.0;10.0;10011.0;25.0;;;10000.0;0.0;-10.5341796875;10000.0;10001.5;10001.5;10002.296617702428;2.2966177024281933
19;7300;INTARIAN_PEPPER_ROOT;12001.0;12.0;11998.0;16.0;;;12014.0;12.0;12017.0;16.0;;;12007.5;0.0;0.0;12007.5;12007.5;12007.5;10002.47412982043;-2005.0258701795701
19;7400;ASH_COATED_OSMIUM;9993.0;12.0;9990.0;22.0;;;10009.0;12.0;10011.0;22.0;;;10001.0;0.0;-10.197265625;10001.0;10000.5;10000.5;10002.291070448742;1.2910704487421754
19;7400;INTARIAN_PEPPER_ROOT;12001.0;8.0;11998.0;17.0;;;12014.0;8.0;12017.0;17.0;;;12007.5;0.0;0.0;12007.5;12007.5;12007.5;10002.396468268804;-2005.1035317311962
19;7500;ASH_COATED_OSMIUM;9990.0;29.0;;;;;10009.0;13.0;10011.0;29.0;;;9999.5;0.0;-10.181640625;9999.5;10000.5;10000.5;10002.534040160255;3.0340401602552447
19;7500;INTARIAN_PEPPER_ROOT;12001.0;10.0;11998.0;21.0;;;12014.0;10.0;;;;;12007.5;0.0;0.0;12007.5;12006.0;12006.0;10001.966001382652;-2005.5339986173476
19;7600;ASH_COATED_OSMIUM;9993.0;13.0;9990.0;27.0;;;10009.0;13.0;10011.0;27.0;;;10001.0;0.0;-10.2958984375;10001.0;10000.5;10000.5;10002.707114475306;1.7071144753062981
19;7600;INTARIAN_PEPPER_ROOT;;;;;;;12017.0;17.0;;;;;12017.0;0.0;0.0;;;;10002.30549330833;
19;7700;INTARIAN_PEPPER_ROOT;12001.0;10.0;11998.0;23.0;;;12014.0;10.0;12017.0;23.0;;;12007.5;0.0;0.0;12007.5;12007.5;12007.5;10002.150170205077;-2005.3498297949227
19;7700;ASH_COATED_OSMIUM;9993.0;14.0;9991.0;25.0;;;10009.0;14.0;;;;;10001.0;0.0;-9.8642578125;10001.0;10000.0;10000.0;10001.676434740162;0.6764347401622217
19;7800;INTARIAN_PEPPER_ROOT;12001.0;9.0;11998.0;18.0;;;12014.0;9.0;12017.0;18.0;;;12007.5;0.0;0.0;12007.5;12007.5;12007.5;10001.771847503587;-2005.7281524964128
19;7800;ASH_COATED_OSMIUM;9993.0;15.0;;;;;10009.0;15.0;10011.0;23.0;;;10001.0;0.0;-10.1435546875;10001.0;10002.0;10002.0;10001.247077304746;0.24707730474619893
19;7900;INTARIAN_PEPPER_ROOT;12001.0;8.0;11998.0;15.0;;;12014.0;8.0;12017.0;15.0;;;12007.5;0.0;0.0;12007.5;12007.5;12007.5;10001.041828918309;-2006.458171081691
19;7900;ASH_COATED_OSMIUM;9993.0;10.0;9990.0;22.0;;;10009.0;10.0;;;;;10001.0;0.0;-10.443359375;10001.0;9999.5;9999.5;10001.542191200924;0.5421912009242078
19;8000;INTARIAN_PEPPER_ROOT;12001.0;10.0;11998.0;20.0;;;12018.0;20.0;;;;;12009.5;0.0;0.0;12009.5;12008.0;12008.0;10001.582131427474;-2007.9178685725255
19;8000;ASH_COATED_OSMIUM;9992.0;13.0;;;;;10011.0;28.0;;;;;10001.5;0.0;-10.8779296875;10001.5;10001.5;10001.5;10001.780723109488;0.2807231094884628
19;8100;ASH_COATED_OSMIUM;9992.0;12.0;9989.0;25.0;;;10008.0;12.0;;;;;10000.0;0.0;-11.01953125;10000.0;9998.5;9998.5;10001.792927067601;1.7929270676013402
19;8100;INTARIAN_PEPPER_ROOT;12002.0;8.0;11999.0;15.0;;;12015.0;8.0;;;;;12008.5;0.0;0.0;12008.5;12007.0;12007.0;10001.420151619797;-2007.0798483802027
19;8200;ASH_COATED_OSMIUM;9992.0;10.0;9989.0;25.0;;;10008.0;10.0;;;;;10000.0;0.0;-11.0400390625;10000.0;9998.5;9998.5;10001.222669388522;1.222669388522263
19;8200;INTARIAN_PEPPER_ROOT;11999.0;25.0;;;;;12015.0;12.0;12018.0;25.0;;;12007.0;0.0;0.0;12007.0;12008.5;12008.5;10001.026296607983;-2005.9737033920173
19;8300;INTARIAN_PEPPER_ROOT;12002.0;10.0;11999.0;22.0;;;12015.0;10.0;12018.0;22.0;;;12008.5;0.0;0.0;12008.5;12008.5;12008.5;10000.246352739516;-2008.2536472604843
19;8300;ASH_COATED_OSMIUM;9990.0;28.0;;;;;10011.0;28.0;;;;;10000.5;0.0;-10.9365234375;10000.5;10000.5;10000.5;10000.124313158389;-0.3756868416112411
19;8400;INTARIAN_PEPPER_ROOT;12005.0;8.0;12002.0;10.0;11999.0;21.0;12015.0;10.0;12018.0;21.0;;;12010.0;0.0;0.0;12010.0;12008.5;12008.5;10000.140954919452;-2009.8590450805477
19;8400;ASH_COATED_OSMIUM;9998.0;3.0;9990.0;29.0;;;10008.0;11.0;10011.0;29.0;;;10003.0;0.0;-10.8310546875;10003.0;10000.5;10000.5;10000.318467037454;-2.6815329625460436
19;8500;ASH_COATED_OSMIUM;9992.0;14.0;9989.0;25.0;;;10010.0;25.0;;;;;10001.0;0.0;-11.1552734375;10001.0;9999.5;9999.5;10001.198261472297;0.19826147229650815
19;8500;INTARIAN_PEPPER_ROOT;12002.0;9.0;11999.0;24.0;;;12015.0;9.0;12018.0;24.0;;;12008.5;0.0;0.0;12008.5;12008.5;12008.5;10001.591007033374;-2006.908992966626
19;8600;ASH_COATED_OSMIUM;9992.0;13.0;9989.0;27.0;;;10008.0;13.0;10010.0;27.0;;;10000.0;0.0;-11.4619140625;10000.0;9999.5;9999.5;10001.500032072898;1.5000320728977385
19;8600;INTARIAN_PEPPER_ROOT;12002.0;11.0;11999.0;18.0;;;12015.0;11.0;12018.0;18.0;;;12008.5;0.0;0.0;12008.5;12008.5;12008.5;10001.429027225699;-2007.0709727743015
19;8700;INTARIAN_PEPPER_ROOT;12002.0;12.0;11999.0;23.0;;;12015.0;12.0;;;;;12008.5;0.0;0.0;12008.5;12007.0;12007.0;10002.011488862889;-2006.4885111371113
19;8700;ASH_COATED_OSMIUM;;;;;;;10010.0;22.0;;;;;10010.0;0.0;-11.5673828125;;;;10001.684200895324;
19;8800;INTARIAN_PEPPER_ROOT;12002.0;8.0;11999.0;16.0;;;12015.0;8.0;12018.0;16.0;;;12008.5;0.0;0.0;12008.5;12008.5;12008.5;10001.454544592661;-2007.0454554073385
19;8800;ASH_COATED_OSMIUM;9991.0;10.0;9989.0;30.0;;;10007.0;10.0;10010.0;30.0;;;9999.0;0.0;-11.546875;9999.0;9999.5;9999.5;10000.977480775533;1.9774807755329675
19;8900;ASH_COATED_OSMIUM;9989.0;26.0;;;;;10010.0;26.0;;;;;9999.5;0.0;-11.126953125;9999.5;9999.5;9999.5;10000.630222694694;1.130222694693657
19;8900;INTARIAN_PEPPER_ROOT;12002.0;12.0;11999.0;25.0;;;12018.0;25.0;;;;;12010.0;0.0;0.0;12010.0;12008.5;12008.5;10001.153883442796;-2008.8461165572044
19;9000;ASH_COATED_OSMIUM;9992.0;10.0;9990.0;23.0;;;10008.0;10.0;10011.0;23.0;;;10000.0;0.0;-10.66796875;10000.0;10000.5;10000.5;10001.437902831598;1.4379028315979667
19;9000;INTARIAN_PEPPER_ROOT;11999.0;21.0;;;;;12016.0;8.0;12019.0;21.0;;;12007.5;0.0;0.0;12007.5;12009.0;12009.0;10001.5621613142;-2005.9378386858007
19;9100;INTARIAN_PEPPER_ROOT;;;;;;;12016.0;8.0;12019.0;17.0;;;12016.0;0.0;0.0;;;;10001.41904216906;
19;9100;ASH_COATED_OSMIUM;9992.0;15.0;9990.0;22.0;;;10008.0;15.0;10011.0;22.0;;;10000.0;0.0;-10.71875;10000.0;10000.5;10000.5;10001.584350328949;1.584350328948858
19;9200;INTARIAN_PEPPER_ROOT;12003.0;11.0;12000.0;24.0;;;12016.0;11.0;12019.0;24.0;;;12009.5;0.0;0.0;12009.5;12009.5;12009.5;10002.066961399765;-2007.4330386002348
19;9200;ASH_COATED_OSMIUM;9990.0;25.0;;;;;10008.0;14.0;;;;;9999.0;0.0;-10.5615234375;9999.0;9999.0;9999.0;10002.123543387377;3.12354338737714
19;9300;ASH_COATED_OSMIUM;9992.0;13.0;;;;;10008.0;13.0;10010.0;29.0;;;10000.0;0.0;-11.0224609375;10000.0;10001.0;10001.0;10001.8905587325;1.8905587325007218
19;9300;INTARIAN_PEPPER_ROOT;12000.0;18.0;;;;;12016.0;9.0;12019.0;18.0;;;12008.0;0.0;0.0;12008.0;12009.5;12009.5;10002.226722305966;-2005.7732776940338
19;9400;ASH_COATED_OSMIUM;9992.0;15.0;9990.0;28.0;;;10002.0;4.0;10011.0;28.0;;;9997.0;0.0;-10.955078125;9997.0;10000.5;10000.5;10002.294398800954;5.294398800953786
19;9400;INTARIAN_PEPPER_ROOT;12013.0;8.0;12003.0;11.0;12000.0;18.0;12016.0;11.0;12019.0;18.0;;;12014.5;0.0;0.0;12014.5;12009.5;12009.5;10001.878354774388;-2012.6216452256122
19;9500;INTARIAN_PEPPER_ROOT;12003.0;9.0;;;;;12019.0;24.0;;;;;12011.0;0.0;0.0;12011.0;12011.0;12011.0;10001.7840514617;-2009.2159485383
19;9500;ASH_COATED_OSMIUM;9992.0;14.0;9990.0;24.0;;;10011.0;24.0;;;;;10001.5;0.0;-10.9765625;10001.5;10000.5;10000.5;10001.958235227488;0.45823522748833057
19;9600;INTARIAN_PEPPER_ROOT;12003.0;10.0;12000.0;21.0;;;12016.0;10.0;12019.0;21.0;;;12009.5;0.0;0.0;12009.5;12009.5;12009.5;10001.454544592661;-2008.0454554073385
19;9600;ASH_COATED_OSMIUM;9993.0;12.0;9990.0;20.0;;;10011.0;20.0;;;;;10002.0;0.0;-10.013671875;10002.0;10000.5;10000.5;10001.181619711235;-0.8183802887651836
19;9700;ASH_COATED_OSMIUM;9993.0;12.0;9991.0;30.0;;;10009.0;12.0;10012.0;30.0;;;10001.0;0.0;-9.517578125;10001.0;10001.5;10001.5;10001.43679338086;0.43679338086076314
19;9700;INTARIAN_PEPPER_ROOT;12003.0;12.0;12000.0;18.0;;;12016.0;12.0;12019.0;18.0;;;12009.5;0.0;0.0;12009.5;12009.5;12009.5;10000.865426251044;-2008.6345737489555
19;9800;ASH_COATED_OSMIUM;9994.0;15.0;9991.0;24.0;;;10010.0;15.0;10012.0;24.0;;;10002.0;0.0;-9.2255859375;10002.0;10001.5;10001.5;10000.601376975517;-1.3986230244827311
19;9800;INTARIAN_PEPPER_ROOT;12003.0;9.0;12000.0;15.0;;;12016.0;9.0;12019.0;15.0;;;12009.5;0.0;0.0;12009.5;12009.5;12009.5;10000.735620514755;-2008.7643794852447
19;9900;INTARIAN_PEPPER_ROOT;12003.0;11.0;12000.0;25.0;;;12016.0;11.0;12019.0;25.0;;;12009.5;0.0;0.0;12009.5;12009.5;12009.5;10000.94752560562;-2008.5524743943806
19;9900;ASH_COATED_OSMIUM;10004.0;5.0;9992.0;24.0;;;;;;;;;10004.0;0.0;-8.6328125;;;;10001.159430696483;
19;10000;INTARIAN_PEPPER_ROOT;12003.0;11.0;12000.0;19.0;;;12017.0;11.0;12020.0;19.0;;;12010.0;0.0;0.0;12010.0;12010.0;12010.0;10001.274813573185;-2008.7251864268146
19;10000;ASH_COATED_OSMIUM;9994.0;14.0;9992.0;27.0;;;10010.0;14.0;10013.0;27.0;;;10002.0;0.0;-8.775390625;10002.0;10002.5;10002.5;10000.954182310044;-1.0458176899555838
19;10100;ASH_COATED_OSMIUM;9994.0;15.0;9992.0;20.0;;;10010.0;15.0;10013.0;20.0;;;10002.0;0.0;-8.7998046875;10002.0;10002.5;10002.5;10001.032953312408;-0.9670466875923012
19;10100;INTARIAN_PEPPER_ROOT;12001.0;15.0;;;;;12017.0;10.0;12020.0;15.0;;;12009.0;0.0;0.0;12009.0;12010.5;12010.5;10000.94308780267;-2008.0569121973294
19;10200;ASH_COATED_OSMIUM;9994.0;12.0;;;;;10010.0;12.0;10013.0;20.0;;;10002.0;0.0;-8.8701171875;10002.0;10003.5;10003.5;10000.525934325367;-1.474065674632584
19;10200;INTARIAN_PEPPER_ROOT;12004.0;12.0;;;;;12017.0;12.0;12020.0;25.0;;;12010.5;0.0;0.0;12010.5;12012.0;12012.0;10000.156487229777;-2010.3435127702232
19;10300;INTARIAN_PEPPER_ROOT;12004.0;9.0;12001.0;19.0;;;12017.0;9.0;12020.0;19.0;;;12010.5;0.0;0.0;12010.5;12010.5;12010.5;10000.304044177865;-2010.1959558221351
19;10300;ASH_COATED_OSMIUM;9994.0;11.0;9992.0;24.0;;;10013.0;24.0;;;;;10003.5;0.0;-8.7138671875;10003.5;10002.5;10002.5;10000.076606776676;-3.4233932233237283
19;10400;INTARIAN_PEPPER_ROOT;12004.0;9.0;12001.0;20.0;;;12017.0;9.0;12020.0;20.0;;;12010.5;0.0;0.0;12010.5;12010.5;12010.5;10000.193099104115;-2010.3069008958846
19;10400;ASH_COATED_OSMIUM;9994.0;11.0;;;;;10010.0;11.0;10013.0;25.0;;;10002.0;0.0;-8.7177734375;10002.0;10003.5;10003.5;10000.135407665764;-1.8645923342355673
19;10500;ASH_COATED_OSMIUM;9994.0;14.0;9992.0;26.0;;;10010.0;14.0;10013.0;26.0;;;10002.0;0.0;-8.7265625;10002.0;10002.5;10002.5;10000.654630610918;-1.345369389082407
19;10500;INTARIAN_PEPPER_ROOT;12004.0;9.0;12001.0;21.0;;;12017.0;9.0;;;;;12010.5;0.0;0.0;12010.5;12009.0;12009.0;10000.120984806177;-2010.3790151938229
19;10600;ASH_COATED_OSMIUM;9994.0;10.0;9992.0;20.0;;;10010.0;10.0;10013.0;20.0;;;10002.0;0.0;-8.876953125;10002.0;10002.5;10002.5;10000.525934325367;-1.474065674632584
19;10600;INTARIAN_PEPPER_ROOT;12004.0;11.0;12001.0;18.0;;;12017.0;11.0;12020.0;18.0;;;12010.5;0.0;0.0;12010.5;12010.5;12010.5;10000.628003793217;-2009.8719962067826
19;10700;INTARIAN_PEPPER_ROOT;12004.0;10.0;12001.0;22.0;;;12017.0;10.0;12020.0;22.0;;;12010.5;0.0;0.0;12010.5;12010.5;12010.5;10000.36506396843;-2010.1349360315708
19;10700;ASH_COATED_OSMIUM;9992.0;24.0;;;;;10013.0;24.0;;;;;10002.5;0.0;-8.9638671875;10002.5;10002.5;10002.5;10000.60470532773;-1.8952946722693014
19;10800;INTARIAN_PEPPER_ROOT;12004.0;12.0;12001.0;22.0;;;12017.0;12.0;12020.0;22.0;;;12010.5;0.0;0.0;12010.5;12010.5;12010.5;10000.761137881718;-2009.7388621182818
19;10800;ASH_COATED_OSMIUM;9994.0;10.0;9992.0;23.0;;;10010.0;10.0;;;;;10002.0;0.0;-8.5625;10002.0;10001.0;10001.0;10000.738948866969;-1.2610511330312875
19;10900;ASH_COATED_OSMIUM;9995.0;15.0;9992.0;22.0;;;10011.0;15.0;10013.0;22.0;;;10003.0;0.0;-8.4453125;10003.0;10002.5;10002.5;10001.311425447522;-1.688574552477803
19;10900;INTARIAN_PEPPER_ROOT;12008.0;7.0;12001.0;25.0;;;12017.0;9.0;12020.0;25.0;;;12012.5;0.0;0.0;12012.5;12010.5;12010.5;10001.685310346062;-2010.8146896539383
19;11000;INTARIAN_PEPPER_ROOT;12004.0;10.0;12001.0;19.0;;;12018.0;10.0;;;;;12011.0;0.0;0.0;12011.0;12009.5;12009.5;10001.251515107697;-2009.7484848923032
19;11000;ASH_COATED_OSMIUM;9995.0;10.0;9992.0;26.0;;;;;;;;;9995.0;0.0;-8.4306640625;;;;10001.381320843986;
19;11100;INTARIAN_PEPPER_ROOT;12005.0;8.0;12002.0;19.0;;;12018.0;8.0;12021.0;19.0;;;12011.5;0.0;0.0;12011.5;12011.5;12011.5;10001.716374966712;-2009.7836250332875
19;11100;ASH_COATED_OSMIUM;9995.0;14.0;9992.0;30.0;;;10011.0;14.0;10013.0;30.0;;;10003.0;0.0;-8.478515625;10003.0;10002.5;10002.5;10002.010379412151;-0.9896205878485489
19;11200;INTARIAN_PEPPER_ROOT;12002.0;23.0;;;;;12018.0;9.0;12021.0;23.0;;;12010.0;0.0;0.0;12010.0;12011.5;12011.5;10001.225997740734;-2008.7740022592661
19;11200;ASH_COATED_OSMIUM;9992.0;28.0;;;;;10013.0;28.0;;;;;10002.5;0.0;-8.822265625;10002.5;10002.5;10002.5;10002.216737249328;-0.2832627506722929
19;11300;INTARIAN_PEPPER_ROOT;12005.0;9.0;12002.0;18.0;;;12018.0;9.0;12021.0;18.0;;;12011.5;0.0;0.0;12011.5;12011.5;12011.5;10002.475239271167;-2009.024760728833
19;11300;ASH_COATED_OSMIUM;9994.0;13.0;9992.0;25.0;;;10010.0;13.0;10013.0;25.0;;;10002.0;0.0;-8.9931640625;10002.0;10002.5;10002.5;10002.124652838116;0.12465283811616246
19;11400;ASH_COATED_OSMIUM;9994.0;15.0;9992.0;30.0;;;10013.0;30.0;;;;;10003.5;0.0;-8.8046875;10003.5;10002.5;10002.5;10001.389086999148;-2.110913000851724
19;11400;INTARIAN_PEPPER_ROOT;12005.0;10.0;12002.0;23.0;;;12018.0;10.0;12021.0;23.0;;;12011.5;0.0;0.0;12011.5;12011.5;12011.5;10001.416823267586;-2010.0831767324144
19;11500;ASH_COATED_OSMIUM;9994.0;10.0;9992.0;28.0;;;10010.0;10.0;10013.0;28.0;;;10002.0;0.0;-8.9599609375;10002.0;10002.5;10002.5;10001.669778035737;-0.3302219642628188
19;11500;INTARIAN_PEPPER_ROOT;12002.0;24.0;;;;;12018.0;11.0;12021.0;24.0;;;12010.0;0.0;0.0;12010.0;12011.5;12011.5;10001.192714218609;-2008.8072857813913
19;11600;ASH_COATED_OSMIUM;9992.0;22.0;;;;;10010.0;13.0;10013.0;22.0;;;10001.0;0.0;-8.990234375;10001.0;10002.5;10002.5;10000.792202502369;-0.20779749763096333
19;11600;INTARIAN_PEPPER_ROOT;12005.0;12.0;12002.0;15.0;;;12018.0;12.0;12021.0;15.0;;;12011.5;0.0;0.0;12011.5;12011.5;12011.5;10000.54701388938;-2010.9529861106203
19;11700;ASH_COATED_OSMIUM;9994.0;15.0;9992.0;20.0;;;10010.0;15.0;;;;;10002.0;0.0;-8.5625;10002.0;10001.0;10001.0;10001.075112440434;-0.9248875595658319
19;11700;INTARIAN_PEPPER_ROOT;12005.0;11.0;12002.0;18.0;;;12021.0;18.0;;;;;12013.0;0.0;0.0;12013.0;12011.5;12011.5;10000.994122536595;-2012.0058774634053
19;11800;ASH_COATED_OSMIUM;;;;;;;10010.0;14.0;;;;;10010.0;0.0;-9.208984375;;;;10000.659068413868;
19;11800;INTARIAN_PEPPER_ROOT;12005.0;11.0;;;;;12018.0;11.0;12021.0;17.0;;;12011.5;0.0;0.0;12011.5;12013.0;12013.0;10000.423864857516;-2011.0761351424844
19;11900;ASH_COATED_OSMIUM;9994.0;10.0;9992.0;22.0;;;10010.0;10.0;10013.0;22.0;;;10002.0;0.0;-8.865234375;10002.0;10002.5;10002.5;10000.43163101268;-1.5683689873203548
19;11900;INTARIAN_PEPPER_ROOT;12005.0;8.0;12002.0;23.0;;;12018.0;8.0;12021.0;23.0;;;12011.5;0.0;0.0;12011.5;12011.5;12011.5;10000.931993295295;-2010.568006704705
19;12000;ASH_COATED_OSMIUM;9994.0;10.0;9992.0;27.0;;;10010.0;10.0;10013.0;27.0;;;10002.0;0.0;-8.8603515625;10002.0;10002.5;10002.5;10001.088425849284;-0.9115741507157509
19;12000;INTARIAN_PEPPER_ROOT;12005.0;9.0;;;;;12019.0;9.0;12022.0;25.0;;;12012.0;0.0;0.0;12012.0;12013.5;12013.5;10001.05847067937;-2010.9415293206293
19;12100;INTARIAN_PEPPER_ROOT;12006.0;10.0;12003.0;20.0;;;12019.0;10.0;;;;;12012.5;0.0;0.0;12012.5;12011.0;12011.0;10000.424974308255;-2012.0750256917454
19;12100;ASH_COATED_OSMIUM;9994.0;15.0;9992.0;23.0;;;10013.0;23.0;;;;;10003.5;0.0;-8.7939453125;10003.5;10002.5;10002.5;10000.829923827445;-2.6700761725551274
19;12200;INTARIAN_PEPPER_ROOT;12003.0;17.0;;;;;12019.0;12.0;12022.0;17.0;;;12011.0;0.0;0.0;12011.0;12012.5;12012.5;10000.379486828017;-2010.6205131719835
19;12200;ASH_COATED_OSMIUM;9994.0;12.0;9992.0;23.0;;;10013.0;23.0;;;;;10003.5;0.0;-8.6630859375;10003.5;10002.5;10002.5;10000.247462190253;-3.252537809747082
19;12300;INTARIAN_PEPPER_ROOT;;;;;;;12019.0;9.0;12022.0;21.0;;;12019.0;0.0;0.0;;;;10000.11543755249;
19;12300;ASH_COATED_OSMIUM;9994.0;13.0;9992.0;24.0;;;10010.0;13.0;;;;;10002.0;0.0;-8.513671875;10002.0;10001.0;10001.0;10000.831033278182;-1.1689667218179238
19;12400;INTARIAN_PEPPER_ROOT;12003.0;15.0;;;;;12019.0;8.0;12022.0;15.0;;;12011.0;0.0;0.0;12011.0;12012.5;12012.5;10000.924227140133;-2010.0757728598674
19;12400;ASH_COATED_OSMIUM;9992.0;29.0;;;;;10011.0;13.0;;;;;10001.5;0.0;-8.1220703125;10001.5;10001.5;10001.5;10000.902038125381;-0.5979618746187043
19;12500;ASH_COATED_OSMIUM;9995.0;10.0;9992.0;22.0;;;10011.0;10.0;10013.0;22.0;;;10003.0;0.0;-8.111328125;10003.0;10002.5;10002.5;10000.732292162544;-2.267707837456328
19;12500;INTARIAN_PEPPER_ROOT;12006.0;12.0;12003.0;23.0;;;12022.0;23.0;;;;;12014.0;0.0;0.0;12014.0;12012.5;12012.5;10001.502250974374;-2012.497749025626
19;12600;INTARIAN_PEPPER_ROOT;12003.0;23.0;;;;;12019.0;10.0;12022.0;23.0;;;12011.0;0.0;0.0;12011.0;12012.5;12012.5;10001.021858805034;-2009.9781411949662
19;12600;ASH_COATED_OSMIUM;9995.0;15.0;;;;;10011.0;15.0;10013.0;26.0;;;10003.0;0.0;-8.068359375;10003.0;10004.0;10004.0;10000.995231987334;-2.004768012666318
19;12700;ASH_COATED_OSMIUM;9992.0;27.0;;;;;10011.0;12.0;10013.0;27.0;;;10001.5;0.0;-8.388671875;10001.5;10002.5;10002.5;10000.964167366683;-0.5358326333171135
19;12700;INTARIAN_PEPPER_ROOT;12006.0;8.0;12003.0;21.0;;;12019.0;8.0;;;;;12012.5;0.0;0.0;12012.5;12011.0;12011.0;10000.93864999972;-2011.56135000028
19;12800;INTARIAN_PEPPER_ROOT;12003.0;22.0;;;;;;;;;;;12003.0;0.0;0.0;;;;10000.909804280545;
19;12800;ASH_COATED_OSMIUM;9994.0;13.0;;;;;10010.0;13.0;10013.0;28.0;;;10002.0;0.0;-8.7626953125;10002.0;10003.5;10003.5;10000.664615667556;-1.3353843324439367
19;12900;ASH_COATED_OSMIUM;9995.0;12.0;9992.0;21.0;;;10011.0;12.0;10013.0;21.0;;;10003.0;0.0;-8.4013671875;10003.0;10002.5;10002.5;10000.49376025398;-2.506239746020583
19;12900;INTARIAN_PEPPER_ROOT;12006.0;12.0;12003.0;23.0;;;12019.0;12.0;12022.0;23.0;;;12012.5;0.0;0.0;12012.5;12012.5;12012.5;10000.771122938357;-2011.7288770616433
19;13000;INTARIAN_PEPPER_ROOT;12006.0;8.0;12003.0;17.0;;;12020.0;8.0;12023.0;17.0;;;12013.0;0.0;0.0;12013.0;12013.0;12013.0;10000.88539636432;-2012.1146036356804
19;13000;ASH_COATED_OSMIUM;9995.0;12.0;;;;;10013.0;30.0;;;;;10004.0;0.0;-8.287109375;10004.0;10004.0;10004.0;10000.655740061655;-3.3442599383452034
19;13100;ASH_COATED_OSMIUM;9995.0;12.0;9993.0;21.0;;;10011.0;12.0;10014.0;21.0;;;10003.0;0.0;-7.84375;10003.0;10003.5;10003.5;10001.527768341337;-1.4722316586630768
19;13100;INTARIAN_PEPPER_ROOT;12004.0;24.0;;;;;12020.0;12.0;;;;;12012.0;0.0;0.0;12012.0;12012.0;12012.0;10001.484499762573;-2010.5155002374267
19;13200;INTARIAN_PEPPER_ROOT;12007.0;9.0;12004.0;21.0;;;12020.0;9.0;12023.0;21.0;;;12013.5;0.0;0.0;12013.5;12013.5;12013.5;10002.22894120744;-2011.2710587925594
19;13200;ASH_COATED_OSMIUM;9993.0;29.0;;;;;10012.0;12.0;10014.0;29.0;;;10002.5;0.0;-7.2275390625;10002.5;10003.5;10003.5;10002.251130222192;-0.24886977780806774
19;13300;ASH_COATED_OSMIUM;9995.0;12.0;9993.0;22.0;;;10011.0;12.0;;;;;10003.0;0.0;-7.5556640625;10003.0;10002.0;10002.0;10002.348761887091;-0.6512381129086862
19;13300;INTARIAN_PEPPER_ROOT;12004.0;15.0;;;;;12020.0;8.0;12023.0;15.0;;;12012.0;0.0;0.0;12012.0;12013.5;12013.5;10002.48300542633;-2009.5169945736707
19;13400;INTARIAN_PEPPER_ROOT;12007.0;8.0;12004.0;20.0;;;12020.0;8.0;12023.0;20.0;;;12013.5;0.0;0.0;12013.5;12013.5;12013.5;10002.194548234578;-2011.3054517654218
19;13400;ASH_COATED_OSMIUM;9995.0;13.0;9992.0;26.0;;;10011.0;13.0;10013.0;26.0;;;10003.0;0.0;-8.1806640625;10003.0;10002.5;10002.5;10001.389086999148;-1.610913000851724
19;13500;ASH_COATED_OSMIUM;9995.0;14.0;;;;;10011.0;14.0;10014.0;24.0;;;10003.0;0.0;-7.8515625;10003.0;10004.5;10004.5;10001.06845573601;-1.9315442639908724
19;13500;INTARIAN_PEPPER_ROOT;12007.0;9.0;12004.0;16.0;;;12020.0;9.0;12023.0;16.0;;;12013.5;0.0;0.0;12013.5;12013.5;12013.5;10001.387977548411;-2012.112022451589
19;13600;INTARIAN_PEPPER_ROOT;12007.0;9.0;12004.0;21.0;;;12020.0;9.0;12023.0;21.0;;;12013.5;0.0;0.0;12013.5;12013.5;12013.5;10000.896490871695;-2012.6035091283047
19;13600;ASH_COATED_OSMIUM;9995.0;10.0;9992.0;24.0;;;10013.0;24.0;;;;;10004.0;0.0;-8.12890625;10004.0;10002.5;10002.5;10000.908694829806;-3.091305170193664
19;13700;ASH_COATED_OSMIUM;9995.0;14.0;9993.0;28.0;;;10011.0;14.0;10014.0;28.0;;;10003.0;0.0;-7.81640625;10003.0;10003.5;10003.5;10001.614305498862;-1.38569450113755
19;13700;INTARIAN_PEPPER_ROOT;12007.0;8.0;12004.0;22.0;;;12020.0;8.0;12023.0;22.0;;;12013.5;0.0;0.0;12013.5;12013.5;12013.5;10001.431246127173;-2012.068753872827
19;13800;INTARIAN_PEPPER_ROOT;12007.0;11.0;12004.0;19.0;;;12023.0;19.0;;;;;12015.0;0.0;0.0;12015.0;12013.5;12013.5;10001.136132230997;-2013.8638677690033
19;13800;ASH_COATED_OSMIUM;9995.0;11.0;9993.0;23.0;;;10011.0;11.0;10014.0;23.0;;;10003.0;0.0;-7.9716796875;10003.0;10003.5;10003.5;10001.128366075834;-1.8716339241655078
19;13900;ASH_COATED_OSMIUM;9995.0;11.0;9992.0;20.0;;;10011.0;11.0;10013.0;20.0;;;10003.0;0.0;-8.0732421875;10003.0;10002.5;10002.5;10000.529262677579;-2.470737322420973
19;13900;INTARIAN_PEPPER_ROOT;12007.0;8.0;12004.0;15.0;;;12020.0;8.0;12023.0;15.0;;;12013.5;0.0;0.0;12013.5;12013.5;12013.5;10000.281855163115;-2013.2181448368847
19;14000;INTARIAN_PEPPER_ROOT;12007.0;12.0;;;;;12021.0;12.0;12024.0;17.0;;;12014.0;0.0;0.0;12014.0;12015.5;12015.5;10000.075497325939;-2013.924502674061
19;14000;ASH_COATED_OSMIUM;9995.0;12.0;;;;;10011.0;12.0;10013.0;28.0;;;10003.0;0.0;-8.41015625;10003.0;10004.0;10004.0;9999.833637065163;-3.1663629348367976
19;14100;ASH_COATED_OSMIUM;9995.0;14.0;9992.0;20.0;;;;;;;;;9995.0;0.0;-8.4208984375;;;;10000.571421805605;
19;14100;INTARIAN_PEPPER_ROOT;12008.0;11.0;12005.0;17.0;;;12021.0;11.0;12024.0;17.0;;;12014.5;0.0;0.0;12014.5;12014.5;12014.5;10000.99634143807;-2013.5036585619291
19;14200;INTARIAN_PEPPER_ROOT;12008.0;9.0;12005.0;24.0;;;12021.0;9.0;12024.0;24.0;;;12014.5;0.0;0.0;12014.5;12014.5;12014.5;10000.712322049269;-2013.7876779507314
19;14200;ASH_COATED_OSMIUM;9999.0;4.0;9994.0;13.0;9991.0;21.0;10010.0;13.0;10012.0;21.0;;;10004.5;0.0;-9.013671875;10004.5;10001.5;10001.5;10000.837689982607;-3.6623100173928833
19;14300;ASH_COATED_OSMIUM;9994.0;15.0;9991.0;21.0;;;10010.0;15.0;;;;;10002.0;0.0;-9.1015625;10002.0;10000.5;10000.5;10000.977480775533;-1.0225192244670325
19;14300;INTARIAN_PEPPER_ROOT;12017.0;6.0;12008.0;12.0;;;12021.0;12.0;12024.0;25.0;;;12019.0;0.0;0.0;12019.0;12016.0;12016.0;10001.807349927189;-2017.1926500728114
19;14400;INTARIAN_PEPPER_ROOT;12008.0;8.0;12005.0;23.0;;;12021.0;8.0;12024.0;23.0;;;12014.5;0.0;0.0;12014.5;12014.5;12014.5;10001.584350328949;-2012.9156496710511
19;14400;ASH_COATED_OSMIUM;9994.0;10.0;9991.0;21.0;;;10003.0;4.0;10010.0;10.0;;;9998.5;0.0;-9.0166015625;9998.5;10000.5;10000.5;10001.232654445159;2.7326544451589143
19;14500;ASH_COATED_OSMIUM;9994.0;10.0;;;;;10010.0;10.0;10013.0;28.0;;;10002.0;0.0;-8.9365234375;10002.0;10003.5;10003.5;10001.212684331884;-0.7873156681162072
19;14500;INTARIAN_PEPPER_ROOT;12005.0;25.0;;;;;;;;;;;12005.0;0.0;0.0;;;;10001.03184386167;
19;14600;INTARIAN_PEPPER_ROOT;12005.0;23.0;;;;;12024.0;23.0;;;;;12014.5;0.0;0.0;12014.5;12014.5;12014.5;10000.758918980244;-2013.7410810197562
19;14600;ASH_COATED_OSMIUM;9994.0;10.0;9992.0;27.0;;;10010.0;10.0;;;;;10002.0;0.0;-8.96484375;10002.0;10001.0;10001.0;10000.922008238656;-1.0779917613435828
19;14700;ASH_COATED_OSMIUM;9992.0;23.0;;;;;10010.0;13.0;10013.0;23.0;;;10001.0;0.0;-8.80859375;10001.0;10002.5;10002.5;10000.922008238656;-0.07799176134358277
19;14700;INTARIAN_PEPPER_ROOT;12008.0;8.0;;;;;12021.0;8.0;12024.0;16.0;;;12014.5;0.0;0.0;12014.5;12016.0;12016.0;10000.981918578482;-2013.5180814215182
19;14800;INTARIAN_PEPPER_ROOT;;;;;;;12021.0;9.0;12024.0;21.0;;;12021.0;0.0;0.0;;;;10000.580297411505;
19;14800;ASH_COATED_OSMIUM;9994.0;15.0;9992.0;30.0;;;10010.0;15.0;;;;;10002.0;0.0;-8.9697265625;10002.0;10001.0;10001.0;10000.411660899405;-1.5883391005954763
19;14900;ASH_COATED_OSMIUM;9994.0;15.0;9992.0;25.0;;;10010.0;15.0;10013.0;25.0;;;10002.0;0.0;-8.876953125;10002.0;10002.5;10002.5;10000.831033278182;-1.1689667218179238
19;14900;INTARIAN_PEPPER_ROOT;12008.0;9.0;12005.0;21.0;;;12021.0;9.0;12024.0;21.0;;;12014.5;0.0;0.0;12014.5;12014.5;12014.5;10000.977480775533;-2013.522519224467
19;15000;INTARIAN_PEPPER_ROOT;12008.0;9.0;12005.0;25.0;;;;;;;;;12008.0;0.0;0.0;;;;10000.777779642782;
19;15000;ASH_COATED_OSMIUM;9994.0;13.0;;;;;10010.0;13.0;10013.0;25.0;;;10002.0;0.0;-8.755859375;10002.0;10003.5;10003.5;10001.162759048697;-0.8372409513031016
19;15100;ASH_COATED_OSMIUM;9994.0;12.0;9991.0;20.0;;;10010.0;12.0;10012.0;20.0;;;10002.0;0.0;-9.255859375;10002.0;10001.5;10001.5;10001.33472391301;-0.6652760869892518
19;15100;INTARIAN_PEPPER_ROOT;12006.0;21.0;;;;;12022.0;9.0;12025.0;21.0;;;12014.0;0.0;0.0;12014.0;12015.5;12015.5;10001.35247512481;-2012.6475248751904
19;15200;INTARIAN_PEPPER_ROOT;12009.0;9.0;12006.0;22.0;;;12022.0;9.0;12025.0;22.0;;;12015.5;0.0;0.0;12015.5;12015.5;12015.5;10000.64908335723;-2014.8509166427702
19;15200;ASH_COATED_OSMIUM;9992.0;21.0;;;;;10010.0;15.0;10013.0;21.0;;;10001.0;0.0;-8.603515625;10001.0;10002.5;10002.5;10000.570312354868;-0.42968764513170754
19;15300;ASH_COATED_OSMIUM;9992.0;22.0;;;;;10013.0;22.0;;;;;10002.5;0.0;-8.95703125;10002.5;10002.5;10002.5;10000.785545797944;-1.7144542020560039
19;15300;INTARIAN_PEPPER_ROOT;12009.0;9.0;12006.0;17.0;;;12022.0;9.0;12025.0;17.0;;;12015.5;0.0;0.0;12015.5;12015.5;12015.5;10000.681257428618;-2014.8187425713822
19;15400;INTARIAN_PEPPER_ROOT;12009.0;11.0;12006.0;18.0;;;12022.0;11.0;;;;;12015.5;0.0;0.0;12015.5;12014.0;12014.0;10000.877630209157;-2014.6223697908426
19;15400;ASH_COATED_OSMIUM;9994.0;11.0;;;;;10010.0;11.0;10012.0;30.0;;;10002.0;0.0;-9.09375;10002.0;10003.0;10003.0;10000.775560741306;-1.2244392586944741
19;15500;INTARIAN_PEPPER_ROOT;12009.0;8.0;12006.0;21.0;;;12022.0;8.0;12025.0;21.0;;;12015.5;0.0;0.0;12015.5;12015.5;12015.5;10000.839908884082;-2014.6600911159185
19;15500;ASH_COATED_OSMIUM;9991.0;25.0;;;;;10009.0;10.0;10012.0;25.0;;;10000.0;0.0;-9.5107421875;10000.0;10001.5;10001.5;10000.325123741879;0.32512374187899695
19;15600;INTARIAN_PEPPER_ROOT;12009.0;10.0;12006.0;21.0;;;12022.0;10.0;12025.0;21.0;;;12015.5;0.0;0.0;12015.5;12015.5;12015.5;10001.070674637484;-2014.4293253625165
19;15600;ASH_COATED_OSMIUM;9994.0;10.0;9991.0;22.0;;;10010.0;10.0;10012.0;22.0;;;10002.0;0.0;-9.4267578125;10002.0;10001.5;10001.5;10000.777779642782;-1.222220357218248
19;15700;INTARIAN_PEPPER_ROOT;12009.0;10.0;12006.0;17.0;;;12025.0;17.0;;;;;12017.0;0.0;0.0;12017.0;12015.5;12015.5;10001.01853045282;-2015.9814695471796
19;15700;ASH_COATED_OSMIUM;9993.0;15.0;9991.0;28.0;;;10009.0;15.0;10012.0;28.0;;;10001.0;0.0;-9.888671875;10001.0;10001.5;10001.5;10001.106177061083;0.10617706108314451
19;15800;ASH_COATED_OSMIUM;9990.0;26.0;;;;;10009.0;12.0;10011.0;26.0;;;9999.5;0.0;-10.0693359375;9999.5;10000.5;10000.5;10001.041828918309;1.5418289183089655
19;15800;INTARIAN_PEPPER_ROOT;12013.0;7.0;12009.0;8.0;12006.0;25.0;12022.0;8.0;12025.0;25.0;;;12017.5;0.0;0.0;12017.5;12015.5;12015.5;10001.101739258134;-2016.3982607418657
19;15900;ASH_COATED_OSMIUM;9993.0;14.0;9991.0;20.0;;;10003.0;3.0;10009.0;14.0;10012.0;20.0;9998.0;0.0;-9.62890625;9998.0;10001.5;10001.5;10000.750043374344;2.7500433743443864
19;15900;INTARIAN_PEPPER_ROOT;12009.0;8.0;12006.0;19.0;;;12022.0;8.0;;;;;12015.5;0.0;0.0;12015.5;12014.0;12014.0;10000.988575282907;-2014.5114247170932
19;16000;ASH_COATED_OSMIUM;9991.0;20.0;;;;;10009.0;11.0;10012.0;20.0;;;10000.0;0.0;-9.59375;10000.0;10001.5;10001.5;10001.09397310297;1.093973102970267
19;16000;INTARIAN_PEPPER_ROOT;12006.0;23.0;;;;;12023.0;8.0;12026.0;23.0;;;12014.5;0.0;0.0;12014.5;12016.0;12016.0;10001.433465028647;-2013.0665349713527
19;16100;ASH_COATED_OSMIUM;9994.0;13.0;;;;;10003.0;2.0;10010.0;13.0;;;9998.5;0.0;-9.4189453125;9998.5;10002.0;10002.0;10001.70860881155;3.2086088115502207
19;16100;INTARIAN_PEPPER_ROOT;12010.0;11.0;;;;;12023.0;11.0;12026.0;17.0;;;12016.5;0.0;0.0;12016.5;12018.0;12018.0;10001.527768341337;-2014.972231658663
19;16200;ASH_COATED_OSMIUM;9994.0;15.0;;;;;10012.0;27.0;;;;;10003.0;0.0;-9.408203125;10003.0;10003.0;10003.0;10001.222669388522;-1.777330611477737
19;16200;INTARIAN_PEPPER_ROOT;12010.0;11.0;;;;;12023.0;11.0;12026.0;18.0;;;12016.5;0.0;0.0;12016.5;12018.0;12018.0;10000.948635056357;-2015.5513649436434
19;16300;ASH_COATED_OSMIUM;9991.0;21.0;;;;;10009.0;11.0;10012.0;21.0;;;10000.0;0.0;-9.736328125;10000.0;10001.5;10001.5;10000.687914133043;0.6879141330427956
19;16300;INTARIAN_PEPPER_ROOT;12010.0;10.0;12007.0;22.0;;;12023.0;10.0;;;;;12016.5;0.0;0.0;12016.5;12015.0;12015.0;10000.279636261641;-2016.220363738359
19;16400;ASH_COATED_OSMIUM;9993.0;12.0;9991.0;25.0;;;10012.0;25.0;;;;;10002.5;0.0;-9.91015625;10002.5;10001.5;10001.5;10000.012258633902;-2.4877413660979073
19;16400;INTARIAN_PEPPER_ROOT;12010.0;10.0;12007.0;20.0;;;12023.0;10.0;12026.0;20.0;;;12016.5;0.0;0.0;12016.5;12016.5;12016.5;10000.223054274027;-2016.2769457259728
19;16500;ASH_COATED_OSMIUM;9993.0;13.0;9990.0;22.0;;;10009.0;13.0;10011.0;22.0;;;10001.0;0.0;-10.0830078125;10001.0;10000.5;10000.5;10000.24857164099;-0.7514283590098785
19;16500;INTARIAN_PEPPER_ROOT;12010.0;8.0;12007.0;24.0;;;12026.0;24.0;;;;;12018.0;0.0;0.0;12018.0;12016.5;12016.5;10000.231929879928;-2017.7680701200716
19;16600;INTARIAN_PEPPER_ROOT;12010.0;10.0;12007.0;22.0;;;12023.0;10.0;12026.0;22.0;;;12016.5;0.0;0.0;12016.5;12016.5;12016.5;10000.022243690539;-2016.4777563094613
19;16600;ASH_COATED_OSMIUM;9992.0;12.0;9990.0;26.0;;;10008.0;12.0;10011.0;26.0;;;10000.0;0.0;-10.76953125;10000.0;10000.5;10000.5;10000.537028832743;0.5370288327430899
19;16700;INTARIAN_PEPPER_ROOT;12010.0;8.0;12007.0;22.0;;;12026.0;22.0;;;;;12018.0;0.0;0.0;12018.0;12016.5;12016.5;10000.629113243955;-2017.3708867560454
19;16700;ASH_COATED_OSMIUM;;;;;;;;;;;;;0.0;0.0;-10.876953125;;;;10000.737839416232;
19;16800;INTARIAN_PEPPER_ROOT;12010.0;8.0;12007.0;16.0;;;12023.0;8.0;12026.0;16.0;;;12016.5;0.0;0.0;12016.5;12016.5;12016.5;10001.162759048697;-2015.337240951303
19;16800;ASH_COATED_OSMIUM;10002.0;7.0;9990.0;25.0;;;10008.0;13.0;10011.0;25.0;;;10005.0;0.0;-10.8623046875;10005.0;10000.5;10000.5;10001.574365272312;-3.425634727687793
19;16900;INTARIAN_PEPPER_ROOT;12010.0;11.0;;;;;12023.0;11.0;12026.0;18.0;;;12016.5;0.0;0.0;12016.5;12018.0;12018.0;10001.99373765109;-2014.5062623489102
19;16900;ASH_COATED_OSMIUM;9992.0;11.0;9990.0;22.0;;;10008.0;11.0;10011.0;22.0;;;10000.0;0.0;-10.7060546875;10000.0;10000.5;10000.5;10002.558448076481;2.5584480764809996
19;17000;INTARIAN_PEPPER_ROOT;12010.0;8.0;;;;;12027.0;21.0;;;;;12018.5;0.0;0.0;12018.5;12018.5;12018.5;10002.000394355515;-2016.4996056444852
19;17000;ASH_COATED_OSMIUM;9991.0;25.0;;;;;10009.0;10.0;10012.0;25.0;;;10000.0;0.0;-9.931640625;10000.0;10001.5;10001.5;10001.847290153739;1.847290153738868
19;17100;ASH_COATED_OSMIUM;9993.0;12.0;9991.0;26.0;;;10009.0;12.0;;;;;10001.0;0.0;-9.5859375;10001.0;10000.0;10000.0;10000.973042972582;-0.026957027417665813
19;17100;INTARIAN_PEPPER_ROOT;12011.0;10.0;12008.0;21.0;;;12027.0;21.0;;;;;12019.0;0.0;0.0;12019.0;12017.5;12017.5;10000.628003793217;-2018.3719962067826
19;17200;ASH_COATED_OSMIUM;9993.0;12.0;9991.0;27.0;;;10009.0;12.0;10012.0;27.0;;;10001.0;0.0;-9.666015625;10001.0;10001.5;10001.5;10000.869864053995;-0.13013594600488432
19;17200;INTARIAN_PEPPER_ROOT;12011.0;10.0;12008.0;17.0;;;12024.0;10.0;;;;;12017.5;0.0;0.0;12017.5;12016.0;12016.0;10001.163868499434;-2016.336131500566
19;17300;INTARIAN_PEPPER_ROOT;12011.0;11.0;12008.0;24.0;;;12024.0;11.0;12027.0;24.0;;;12017.5;0.0;0.0;12017.5;12017.5;12017.5;10001.344708969647;-2016.1552910303526
19;17300;ASH_COATED_OSMIUM;9993.0;14.0;;;;;10009.0;14.0;10012.0;27.0;;;10001.0;0.0;-9.728515625;10001.0;10002.5;10002.5;10000.997450888808;-0.0025491111919109244
19;17400;INTARIAN_PEPPER_ROOT;12011.0;8.0;12008.0;16.0;;;12024.0;8.0;12027.0;16.0;;;12017.5;0.0;0.0;12017.5;12017.5;12017.5;10001.249296206222;-2016.2507037937776
19;17400;ASH_COATED_OSMIUM;9994.0;13.0;;;;;10010.0;13.0;10012.0;25.0;;;10002.0;0.0;-9.2158203125;10002.0;10003.0;10003.0;10001.176072457547;-0.8239275424530206
19;17500;ASH_COATED_OSMIUM;9993.0;14.0;9991.0;26.0;;;10009.0;14.0;;;;;10001.0;0.0;-9.50390625;10001.0;10000.0;10000.0;10001.059580130108;0.059580130107860896
19;17500;INTARIAN_PEPPER_ROOT;12011.0;12.0;12008.0;16.0;;;12024.0;12.0;12027.0;16.0;;;12017.5;0.0;0.0;12017.5;12017.5;12017.5;10001.409057112423;-2016.0909428875766
19;17600;ASH_COATED_OSMIUM;9993.0;12.0;9991.0;29.0;;;10009.0;12.0;10012.0;29.0;;;10001.0;0.0;-9.7060546875;10001.0;10001.5;10001.5;10001.414604366111;0.4146043661112344
19;17600;INTARIAN_PEPPER_ROOT;12011.0;12.0;;;;;12024.0;12.0;;;;;12017.5;0.0;0.0;12017.5;12017.5;12017.5;10001.481171410362;-2016.0188285896384
19;17700;INTARIAN_PEPPER_ROOT;12011.0;9.0;12008.0;16.0;;;;;;;;;12011.0;0.0;0.0;;;;10001.849509055213;
19;17700;ASH_COATED_OSMIUM;9993.0;14.0;9990.0;22.0;;;;;;;;;9993.0;0.0;-10.1259765625;;;;10001.518892735436;
19;17800;INTARIAN_PEPPER_ROOT;12011.0;9.0;12008.0;17.0;;;12024.0;9.0;12027.0;17.0;;;12017.5;0.0;0.0;12017.5;12017.5;12017.5;10001.491156466998;-2016.0088435330017
19;17800;ASH_COATED_OSMIUM;9993.0;14.0;;;;;10009.0;14.0;10011.0;30.0;;;10001.0;0.0;-10.431640625;10001.0;10002.0;10002.0;10001.654245725413;0.654245725412693
19;17900;ASH_COATED_OSMIUM;9993.0;11.0;9991.0;21.0;;;10009.0;11.0;10012.0;21.0;;;10001.0;0.0;-9.970703125;10001.0;10001.5;10001.5;10001.404619309473;0.40461930947276414
19;17900;INTARIAN_PEPPER_ROOT;12011.0;8.0;12008.0;17.0;;;12024.0;8.0;12027.0;17.0;;;12017.5;0.0;0.0;12017.5;12017.5;12017.5;10001.311425447522;-2016.1885745524778
19;18000;ASH_COATED_OSMIUM;9993.0;10.0;9991.0;24.0;;;10009.0;10.0;10012.0;24.0;;;10001.0;0.0;-9.720703125;10001.0;10001.5;10001.5;10001.293674235721;0.29367423572148255
19;18000;INTARIAN_PEPPER_ROOT;12011.0;8.0;12008.0;25.0;;;;;;;;;12011.0;0.0;0.0;;;;10001.435683930124;
19;18100;INTARIAN_PEPPER_ROOT;12012.0;9.0;;;;;12025.0;9.0;12028.0;18.0;;;12018.5;0.0;0.0;12018.5;12020.0;12020.0;10001.425698873485;-2017.074301126515
19;18100;ASH_COATED_OSMIUM;9993.0;12.0;9991.0;28.0;;;10009.0;12.0;10012.0;28.0;;;10001.0;0.0;-9.611328125;10001.0;10001.5;10001.5;10000.400566392029;-0.5994336079711502
19;18200;INTARIAN_PEPPER_ROOT;12009.0;16.0;;;;;12025.0;9.0;12028.0;16.0;;;12017.0;0.0;0.0;12017.0;12018.5;12018.5;10000.120984806177;-2016.8790151938229
19;18200;ASH_COATED_OSMIUM;9993.0;14.0;;;;;10012.0;23.0;;;;;10002.5;0.0;-9.7373046875;10002.5;10002.5;10002.5;9999.63504538315;-2.8649546168508095
19;18300;ASH_COATED_OSMIUM;9993.0;10.0;9991.0;20.0;;;10009.0;10.0;10012.0;20.0;;;10001.0;0.0;-9.591796875;10001.0;10001.5;10001.5;9999.597324058073;-1.4026759419266455
19;18300;INTARIAN_PEPPER_ROOT;12009.0;24.0;;;;;12025.0;12.0;12028.0;24.0;;;12017.0;0.0;0.0;12017.0;12018.5;12018.5;9999.760413316488;-2017.2395866835122
19;18400;ASH_COATED_OSMIUM;9994.0;15.0;;;;;10010.0;15.0;;;;;10002.0;0.0;-9.1669921875;10002.0;10002.0;10002.0;9999.489707336536;-2.5102926634644973
19;18400;INTARIAN_PEPPER_ROOT;12012.0;8.0;12009.0;21.0;;;12025.0;8.0;12028.0;21.0;;;12018.5;0.0;0.0;12018.5;12018.5;12018.5;9999.981194013251;-2018.5188059867487
19;18500;INTARIAN_PEPPER_ROOT;12012.0;9.0;12009.0;18.0;;;12025.0;9.0;12028.0;18.0;;;12018.5;0.0;0.0;12018.5;12018.5;12018.5;10000.452710576692;-2018.047289423308
19;18500;ASH_COATED_OSMIUM;9994.0;15.0;;;;;10010.0;15.0;10012.0;21.0;;;10002.0;0.0;-9.1171875;10002.0;10003.0;10003.0;10000.35175055958;-1.648249440420841
19;18600;INTARIAN_PEPPER_ROOT;12012.0;10.0;12009.0;22.0;;;12025.0;10.0;12028.0;22.0;;;12018.5;0.0;0.0;12018.5;12018.5;12018.5;9999.721582540675;-2018.7784174593253
19;18600;ASH_COATED_OSMIUM;9994.0;11.0;9991.0;21.0;;;10010.0;11.0;;;;;10002.0;0.0;-9.322265625;10002.0;10000.5;10000.5;9999.8791245454;-2.1208754546005366
19;18700;ASH_COATED_OSMIUM;9994.0;14.0;9991.0;30.0;;;10003.0;2.0;10010.0;14.0;10012.0;30.0;9998.5;0.0;-9.0263671875;9998.5;10001.5;10001.5;10000.055527212664;1.5555272126639466
19;18700;INTARIAN_PEPPER_ROOT;12012.0;9.0;12009.0;19.0;;;12021.0;5.0;12025.0;9.0;12028.0;19.0;12016.5;0.0;0.0;12016.5;12018.5;12018.5;10000.316248135978;-2016.1837518640223
19;18800;ASH_COATED_OSMIUM;9994.0;15.0;9992.0;24.0;;;10010.0;15.0;;;;;10002.0;0.0;-8.966796875;10002.0;10001.0;10001.0;10000.408332547191;-1.591667452808906
19;18800;INTARIAN_PEPPER_ROOT;12012.0;10.0;12009.0;19.0;;;12025.0;10.0;12028.0;19.0;;;12018.5;0.0;0.0;12018.5;12018.5;12018.5;10000.611362032156;-2017.8886379678443
19;18900;INTARIAN_PEPPER_ROOT;12012.0;9.0;12009.0;25.0;;;12028.0;25.0;;;;;12020.0;0.0;0.0;12020.0;12018.5;12018.5;10001.17496300681;-2018.8250369931902
19;18900;ASH_COATED_OSMIUM;9991.0;25.0;;;;;10010.0;15.0;;;;;10000.5;0.0;-9.3330078125;10000.5;10000.5;10000.5;10000.280745712378;-0.21925428762187948
19;19000;INTARIAN_PEPPER_ROOT;12012.0;9.0;12009.0;15.0;;;12026.0;9.0;12029.0;15.0;;;12019.0;0.0;0.0;12019.0;12019.0;12019.0;10000.612471482893;-2018.387528517107
19;19000;ASH_COATED_OSMIUM;9994.0;15.0;9991.0;30.0;;;10010.0;15.0;10012.0;30.0;;;10002.0;0.0;-9.416015625;10002.0;10001.5;10001.5;10000.776670192045;-1.2233298079554515
19;19100;ASH_COATED_OSMIUM;9994.0;11.0;;;;;10012.0;21.0;;;;;10003.0;0.0;-9.2626953125;10003.0;10003.0;10003.0;10000.570312354868;-2.4296876451317075
19;19100;INTARIAN_PEPPER_ROOT;12013.0;8.0;12010.0;17.0;;;12026.0;8.0;12029.0;17.0;;;12019.5;0.0;0.0;12019.5;12019.5;12019.5;10000.579187960768;-2018.9208120392323
19;19200;ASH_COATED_OSMIUM;9993.0;15.0;9991.0;26.0;;;10009.0;15.0;10012.0;26.0;;;10001.0;0.0;-9.7060546875;10001.0;10001.5;10001.5;10000.990794184383;-0.00920581561695144
19;19200;INTARIAN_PEPPER_ROOT;;;;;;;12026.0;10.0;12029.0;19.0;;;12026.0;0.0;0.0;;;;10001.130584977309;
19;19300;INTARIAN_PEPPER_ROOT;12013.0;8.0;;;;;12015.0;5.0;12026.0;8.0;12029.0;19.0;12014.0;0.0;0.0;12014.0;12021.0;12021.0;10000.817719869332;-2013.182280130668
19;19300;ASH_COATED_OSMIUM;10003.0;7.0;9993.0;10.0;9991.0;23.0;10009.0;10.0;10012.0;23.0;;;10006.0;0.0;-9.9462890625;10006.0;10001.5;10001.5;10000.319576488191;-5.68042351180884
19;19400;INTARIAN_PEPPER_ROOT;12010.0;18.0;;;;;12026.0;11.0;12029.0;18.0;;;12018.0;0.0;0.0;12018.0;12019.5;12019.5;10000.651302258706;-2017.348697741294
19;19400;ASH_COATED_OSMIUM;9993.0;14.0;9991.0;24.0;;;10009.0;14.0;;;;;10001.0;0.0;-9.7216796875;10001.0;10000.0;10000.0;10000.065512269302;-0.9344877306975832
19;19500;ASH_COATED_OSMIUM;9990.0;23.0;;;;;10009.0;15.0;10011.0;23.0;;;9999.5;0.0;-10.224609375;9999.5;10000.5;10000.5;10000.300715825653;0.8007158256532421
19;19500;INTARIAN_PEPPER_ROOT;12010.0;17.0;;;;;12029.0;17.0;;;;;12019.5;0.0;0.0;12019.5;12019.5;12019.5;10000.841018334819;-2018.6589816651813
19;19600;ASH_COATED_OSMIUM;9993.0;11.0;9990.0;26.0;;;10009.0;11.0;10011.0;26.0;;;10001.0;0.0;-10.45703125;10001.0;10000.5;10000.5;10000.967495718894;-0.03250428110550274
19;19600;INTARIAN_PEPPER_ROOT;12013.0;10.0;;;;;12026.0;10.0;12029.0;15.0;;;12019.5;0.0;0.0;12019.5;12021.0;12021.0;10000.888724716531;-2018.6112752834688
19;19700;INTARIAN_PEPPER_ROOT;12013.0;11.0;;;;;12029.0;17.0;;;;;12021.0;0.0;0.0;12021.0;12021.0;12021.0;10001.011873748395;-2019.9881262516046
19;19700;ASH_COATED_OSMIUM;9993.0;14.0;9990.0;29.0;;;10011.0;29.0;;;;;10002.0;0.0;-10.3388671875;10002.0;10000.5;10000.5;10001.221559937785;-0.7784400622149406
19;19800;INTARIAN_PEPPER_ROOT;12013.0;8.0;12010.0;21.0;;;12026.0;8.0;12029.0;21.0;;;12019.5;0.0;0.0;12019.5;12019.5;12019.5;10001.300330940147;-2018.1996690598535
19;19800;ASH_COATED_OSMIUM;9993.0;10.0;9990.0;26.0;;;10009.0;10.0;;;;;10001.0;0.0;-10.15234375;10001.0;9999.5;9999.5;10001.598773188536;0.5987731885361427
19;19900;INTARIAN_PEPPER_ROOT;12013.0;10.0;12010.0;20.0;;;12026.0;10.0;12029.0;20.0;;;12019.5;0.0;0.0;12019.5;12019.5;12019.5;10001.891668183238;-2017.608331816762
19;19900;ASH_COATED_OSMIUM;9993.0;12.0;9991.0;22.0;;;10009.0;12.0;10012.0;22.0;;;10001.0;0.0;-9.9658203125;10001.0;10001.5;10001.5;10001.835086195626;0.8350861956259905
19;20000;INTARIAN_PEPPER_ROOT;12013.0;11.0;12010.0;25.0;;;12027.0;11.0;;;;;12020.0;0.0;0.0;12020.0;12018.5;12018.5;10001.597663737799;-2018.402336262201
19;20000;ASH_COATED_OSMIUM;9993.0;10.0;;;;;;;;;;;9993.0;0.0;-9.8642578125;;;;10001.792927067601;
19;20100;INTARIAN_PEPPER_ROOT;12014.0;12.0;;;;;12027.0;12.0;12030.0;15.0;;;12020.5;0.0;0.0;12020.5;12022.0;12022.0;10001.750767939575;-2018.7492320604251
19;20100;ASH_COATED_OSMIUM;9990.0;29.0;;;;;10009.0;15.0;10011.0;29.0;;;9999.5;0.0;-10.146484375;9999.5;10000.5;10000.5;10002.147951303603;2.6479513036028948
19;20200;INTARIAN_PEPPER_ROOT;12014.0;9.0;12011.0;24.0;;;12016.0;5.0;12027.0;9.0;12030.0;24.0;12015.0;0.0;0.0;12015.0;12020.5;12020.5;10001.389086999148;-2013.6109130008517
19;20200;ASH_COATED_OSMIUM;9993.0;12.0;9990.0;20.0;;;10009.0;12.0;10011.0;20.0;;;10001.0;0.0;-10.0771484375;10001.0;10000.5;10000.5;10001.076221891171;0.07622189117137168
19;20300;ASH_COATED_OSMIUM;9990.0;24.0;;;;;10009.0;14.0;10011.0;24.0;;;9999.5;0.0;-10.15625;9999.5;10000.5;10000.5;10000.963057915946;1.463057915945683
19;20300;INTARIAN_PEPPER_ROOT;12014.0;9.0;12011.0;17.0;;;;;;;;;12014.0;0.0;0.0;;;;10000.910913731283;
19;20400;ASH_COATED_OSMIUM;9992.0;14.0;;;;;10008.0;14.0;10011.0;27.0;;;10000.0;0.0;-10.5234375;10000.0;10001.5;10001.5;10001.039610016833;1.0396100168327393
19;20400;INTARIAN_PEPPER_ROOT;12011.0;24.0;;;;;12027.0;10.0;12030.0;24.0;;;12019.0;0.0;0.0;12019.0;12020.5;12020.5;10000.68902358378;-2018.31097641622
19;20500;ASH_COATED_OSMIUM;9990.0;25.0;;;;;10002.0;2.0;10008.0;15.0;10011.0;25.0;9996.0;0.0;-10.8486328125;9996.0;10000.5;10000.5;10000.799968657531;4.799968657531281
19;20500;INTARIAN_PEPPER_ROOT;12014.0;10.0;;;;;12027.0;10.0;12030.0;15.0;;;12020.5;0.0;0.0;12020.5;12022.0;12022.0;10000.705665344844;-2019.7943346551565
19;20600;ASH_COATED_OSMIUM;9992.0;15.0;;;;;10008.0;15.0;;;;;10000.0;0.0;-10.71875;10000.0;10000.0;10000.0;10000.400566392029;0.4005663920288498
19;20600;INTARIAN_PEPPER_ROOT;12014.0;9.0;12011.0;25.0;;;12027.0;9.0;12030.0;25.0;;;12020.5;0.0;0.0;12020.5;12020.5;12020.5;10000.007820830951;-2020.4921791690485
19;20700;ASH_COATED_OSMIUM;9992.0;11.0;9990.0;30.0;;;10008.0;11.0;10011.0;30.0;;;10000.0;0.0;-10.9189453125;10000.0;10000.5;10000.5;10000.740058317706;0.7400583177059161
19;20700;INTARIAN_PEPPER_ROOT;12014.0;11.0;12011.0;15.0;;;12030.0;15.0;;;;;12022.0;0.0;0.0;12022.0;12020.5;12020.5;10000.559217847493;-2021.4407821525074
19;20800;ASH_COATED_OSMIUM;9992.0;12.0;;;;;10008.0;12.0;10011.0;24.0;;;10000.0;0.0;-10.81640625;10000.0;10001.5;10001.5;10000.446053872267;0.44605387226692983
19;20800;INTARIAN_PEPPER_ROOT;12011.0;24.0;;;;;12027.0;11.0;12030.0;24.0;;;12019.0;0.0;0.0;12019.0;12020.5;12020.5;10000.05330831119;-2018.9466916888105
19;20900;ASH_COATED_OSMIUM;9992.0;12.0;9990.0;29.0;;;10008.0;12.0;10011.0;29.0;;;10000.0;0.0;-10.8671875;10000.0;10000.5;10000.5;9999.804791345987;-0.19520865401318588
19;20900;INTARIAN_PEPPER_ROOT;12014.0;10.0;12011.0;25.0;;;12027.0;10.0;12030.0;25.0;;;12020.5;0.0;0.0;12020.5;12020.5;12020.5;10000.55588949528;-2019.9441105047208
19;21000;INTARIAN_PEPPER_ROOT;12014.0;12.0;12011.0;19.0;;;12031.0;19.0;;;;;12022.5;0.0;0.0;12022.5;12021.0;12021.0;10000.976371324796;-2021.5236286752042
19;21000;ASH_COATED_OSMIUM;9993.0;14.0;9990.0;25.0;;;10009.0;14.0;10011.0;25.0;;;10001.0;0.0;-10.41015625;10001.0;10000.5;10000.5;10000.744496120657;-0.25550387934345054
19;21100;INTARIAN_PEPPER_ROOT;12015.0;9.0;12012.0;15.0;;;12028.0;9.0;12031.0;15.0;;;12021.5;0.0;0.0;12021.5;12021.5;12021.5;10000.406113645717;-2021.0938863542833
19;21100;ASH_COATED_OSMIUM;9998.0;2.0;9992.0;12.0;9990.0;28.0;10008.0;12.0;10011.0;28.0;;;10003.0;0.0;-10.8798828125;10003.0;10000.5;10000.5;10000.642426652805;-2.3575733471952844
19;21200;INTARIAN_PEPPER_ROOT;12015.0;10.0;12012.0;19.0;;;12028.0;10.0;12031.0;19.0;;;12021.5;0.0;0.0;12021.5;12021.5;12021.5;10001.091754201496;-2020.4082457985041
19;21200;ASH_COATED_OSMIUM;9992.0;14.0;9990.0;29.0;;;;;;;;;9992.0;0.0;-10.5234375;;;;10001.156102344272;
19;21300;INTARIAN_PEPPER_ROOT;12015.0;8.0;12012.0;24.0;;;;;;;;;12015.0;0.0;0.0;;;;10001.605429892961;
19;21300;ASH_COATED_OSMIUM;9993.0;11.0;9990.0;22.0;;;10009.0;11.0;10011.0;22.0;;;10001.0;0.0;-10.43359375;10001.0;10000.5;10000.5;10001.836195646363;0.8361956463631941
19;21400;INTARIAN_PEPPER_ROOT;12015.0;12.0;12012.0;24.0;;;12028.0;12.0;12031.0;24.0;;;12021.5;0.0;0.0;12021.5;12021.5;12021.5;10001.872807520702;-2019.6271924792982
19;21400;ASH_COATED_OSMIUM;9990.0;29.0;;;;;10008.0;14.0;;;;;9999.0;0.0;-10.6650390625;9999.0;9999.0;9999.0;10001.451216240448;2.4512162404480478
19;21500;ASH_COATED_OSMIUM;9993.0;11.0;;;;;10009.0;11.0;;;;;10001.0;0.0;-10.4541015625;10001.0;10001.0;10001.0;10001.240420600321;0.24042060032115842
19;21500;INTARIAN_PEPPER_ROOT;12015.0;11.0;12012.0;25.0;;;12028.0;11.0;12031.0;25.0;;;12021.5;0.0;0.0;12021.5;12021.5;12021.5;10001.283689179085;-2020.2163108209152
19;21600;INTARIAN_PEPPER_ROOT;12015.0;12.0;12012.0;22.0;;;12028.0;12.0;12031.0;22.0;;;12021.5;0.0;0.0;12021.5;12021.5;12021.5;10001.227107191471;-2020.272892808529
19;21600;ASH_COATED_OSMIUM;9990.0;20.0;;;;;10009.0;14.0;10011.0;20.0;;;9999.5;0.0;-10.31640625;9999.5;10000.5;10000.5;10001.032953312408;1.5329533124076988
19;21700;ASH_COATED_OSMIUM;9993.0;11.0;9990.0;25.0;;;;;;;;;9993.0;0.0;-10.3359375;;;;10001.415713816848;
19;21700;INTARIAN_PEPPER_ROOT;12015.0;12.0;12012.0;16.0;;;12031.0;16.0;;;;;12023.0;0.0;0.0;12023.0;12021.5;12021.5;10001.647589020988;-2021.3524109790123
19;21800;INTARIAN_PEPPER_ROOT;12015.0;10.0;12012.0;16.0;;;12028.0;10.0;12031.0;16.0;;;12021.5;0.0;0.0;12021.5;12021.5;12021.5;10000.857660095882;-2020.6423399041178
19;21800;ASH_COATED_OSMIUM;9991.0;25.0;;;;;10009.0;14.0;10012.0;25.0;;;10000.0;0.0;-9.83203125;10000.0;10001.5;10001.5;10000.81882932007;0.8188293200691987
19;21900;ASH_COATED_OSMIUM;9993.0;13.0;9991.0;27.0;;;10009.0;13.0;;;;;10001.0;0.0;-9.5029296875;10001.0;10000.0;10000.0;10001.106177061083;0.10617706108314451
19;21900;INTARIAN_PEPPER_ROOT;12015.0;8.0;12012.0;15.0;;;12028.0;8.0;12031.0;15.0;;;12021.5;0.0;0.0;12021.5;12021.5;12021.5;10001.373554688822;-2020.126445311178
19;22000;INTARIAN_PEPPER_ROOT;12012.0;20.0;;;;;12032.0;20.0;;;;;12022.0;0.0;0.0;12022.0;12022.0;12022.0;10001.026296607983;-2020.9737033920173
19;22000;ASH_COATED_OSMIUM;10003.0;6.0;9993.0;15.0;9991.0;20.0;10009.0;15.0;10012.0;20.0;;;10006.0;0.0;-9.884765625;10006.0;10001.5;10001.5;10000.96971462037;-5.030285379629277
19;22100;ASH_COATED_OSMIUM;9993.0;10.0;9991.0;22.0;;;10009.0;10.0;10012.0;22.0;;;10001.0;0.0;-9.7705078125;10001.0;10001.5;10001.5;10001.05403287642;0.05403287642002397
19;22100;INTARIAN_PEPPER_ROOT;12016.0;9.0;12013.0;23.0;;;12029.0;9.0;;;;;12022.5;0.0;0.0;12022.5;12021.0;12021.0;10001.234873346635;-2021.2651266533649
19;22200;INTARIAN_PEPPER_ROOT;12016.0;11.0;12013.0;21.0;;;12029.0;11.0;12032.0;21.0;;;12022.5;0.0;0.0;12022.5;12022.5;12022.5;10001.656464626887;-2020.843535373113
19;22200;ASH_COATED_OSMIUM;9994.0;13.0;9991.0;23.0;;;10010.0;13.0;10012.0;23.0;;;10002.0;0.0;-9.4755859375;10002.0;10001.5;10001.5;10001.81511608235;-0.18488391764913104
19;22300;ASH_COATED_OSMIUM;9994.0;13.0;9991.0;28.0;;;10012.0;28.0;;;;;10003.0;0.0;-9.216796875;10003.0;10001.5;10001.5;10001.604320442224;-1.3956795577760204
19;22300;INTARIAN_PEPPER_ROOT;12016.0;12.0;12013.0;22.0;;;12029.0;12.0;12032.0;22.0;;;12022.5;0.0;0.0;12022.5;12022.5;12022.5;10001.523330538386;-2020.9766694616137
19;22400;INTARIAN_PEPPER_ROOT;12016.0;11.0;12013.0;25.0;;;12029.0;11.0;12032.0;25.0;;;12022.5;0.0;0.0;12022.5;12022.5;12022.5;10001.30365929236;-2021.19634070764
19;22400;ASH_COATED_OSMIUM;9993.0;10.0;;;;;10012.0;23.0;;;;;10002.5;0.0;-9.9072265625;10002.5;10002.5;10002.5;10001.030734410933;-1.4692655890667083
19;22500;ASH_COATED_OSMIUM;9994.0;10.0;9991.0;27.0;;;10010.0;10.0;;;;;10002.0;0.0;-9.03515625;10002.0;10000.5;10000.5;10000.357297813265;-1.642702186734823
19;22500;INTARIAN_PEPPER_ROOT;12016.0;12.0;12013.0;25.0;;;12029.0;12.0;12032.0;25.0;;;12022.5;0.0;0.0;12022.5;12022.5;12022.5;10000.271870106479;-2022.2281298935213
19;22600;INTARIAN_PEPPER_ROOT;12016.0;8.0;12013.0;19.0;;;12029.0;8.0;12032.0;19.0;;;12022.5;0.0;0.0;12022.5;12022.5;12022.5;10000.31513868524;-2022.1848613147595
19;22600;ASH_COATED_OSMIUM;9992.0;25.0;;;;;10010.0;15.0;10013.0;25.0;;;10001.0;0.0;-8.8076171875;10001.0;10002.5;10002.5;10000.399456941292;-0.6005430587083538
19;22700;ASH_COATED_OSMIUM;9994.0;14.0;;;;;10010.0;14.0;;;;;10002.0;0.0;-9.1162109375;10002.0;10002.0;10002.0;10000.510402015043;-1.4895979849570722
19;22700;INTARIAN_PEPPER_ROOT;12016.0;8.0;12013.0;19.0;;;12029.0;8.0;12032.0;19.0;;;12022.5;0.0;0.0;12022.5;12022.5;12022.5;10000.260775599103;-2022.239224400897
19;22800;INTARIAN_PEPPER_ROOT;12013.0;23.0;;;;;12029.0;9.0;12032.0;23.0;;;12021.0;0.0;0.0;12021.0;12022.5;12022.5;9999.876905643925;-2021.123094356075
19;22800;ASH_COATED_OSMIUM;9993.0;12.0;;;;;10012.0;26.0;;;;;10002.5;0.0;-9.763671875;10002.5;10002.5;10002.5;10000.110999749539;-2.389000250461322
19;22900;ASH_COATED_OSMIUM;;;;;;;10009.0;11.0;10012.0;22.0;;;10009.0;0.0;-9.7392578125;;;;9999.211235201421;
19;22900;INTARIAN_PEPPER_ROOT;12016.0;11.0;12013.0;25.0;;;12029.0;11.0;;;;;12022.5;0.0;0.0;12022.5;12021.0;12021.0;9999.490816787273;-2023.0091832127273
19;23000;INTARIAN_PEPPER_ROOT;12016.0;12.0;12013.0;23.0;;;12030.0;12.0;12033.0;23.0;;;12023.0;0.0;0.0;12023.0;12023.0;12023.0;9999.161309918232;-2023.8386900817677
19;23000;ASH_COATED_OSMIUM;9991.0;20.0;;;;;10009.0;12.0;;;;;10000.0;0.0;-9.5166015625;10000.0;10000.0;10000.0;9999.369886656885;-0.6301133431152266
19;23100;ASH_COATED_OSMIUM;9993.0;13.0;9991.0;26.0;;;10009.0;13.0;;;;;10001.0;0.0;-9.9365234375;10001.0;10000.0;10000.0;9999.738224301736;-1.261775698263591
19;23100;INTARIAN_PEPPER_ROOT;12017.0;9.0;12014.0;20.0;;;12030.0;9.0;12033.0;20.0;;;12023.5;0.0;0.0;12023.5;12023.5;12023.5;9999.855826079913;-2023.6441739200873
19;23200;INTARIAN_PEPPER_ROOT;;;;;;;12030.0;12.0;;;;;12030.0;0.0;0.0;;;;9999.907970264576;
19;23200;ASH_COATED_OSMIUM;9993.0;14.0;9990.0;24.0;;;10009.0;14.0;10011.0;24.0;;;10001.0;0.0;-10.2890625;10001.0;10000.5;10000.5;9999.736005400262;-1.2639945997379982
19;23300;ASH_COATED_OSMIUM;9992.0;10.0;9990.0;21.0;;;10008.0;10.0;10011.0;21.0;;;10000.0;0.0;-10.5048828125;10000.0;10000.5;10000.5;9999.284458950096;-0.7155410499035497
19;23300;INTARIAN_PEPPER_ROOT;12017.0;9.0;12014.0;25.0;;;12030.0;9.0;12033.0;25.0;;;12023.5;0.0;0.0;12023.5;12023.5;12023.5;9998.877290529432;-2024.6227094705682
19;23400;INTARIAN_PEPPER_ROOT;;;;;;;12033.0;15.0;;;;;12033.0;0.0;0.0;;;;9998.498967827942;
19;23400;ASH_COATED_OSMIUM;9990.0;29.0;;;;;10009.0;15.0;10011.0;29.0;;;9999.5;0.0;-10.0400390625;9999.5;10000.5;10000.5;9998.934981967781;-0.5650180322190863
19;23500;ASH_COATED_OSMIUM;9993.0;10.0;;;;;10011.0;30.0;;;;;10002.0;0.0;-10.111328125;10002.0;10002.0;10002.0;9998.897260642707;-3.1027393572931032
19;23500;INTARIAN_PEPPER_ROOT;12017.0;9.0;12014.0;15.0;;;12033.0;15.0;;;;;12025.0;0.0;0.0;12025.0;12023.5;12023.5;9999.629498129461;-2025.3705018705386
19;23600;INTARIAN_PEPPER_ROOT;12017.0;8.0;12014.0;25.0;;;12030.0;8.0;12033.0;25.0;;;12023.5;0.0;0.0;12023.5;12023.5;12023.5;9998.893932290493;-2024.6060677095065
19;23600;ASH_COATED_OSMIUM;9993.0;10.0;9990.0;25.0;;;10009.0;10.0;10011.0;25.0;;;10001.0;0.0;-10.40625;10001.0;10000.5;10000.5;9998.755250948305;-2.2447490516951802
19;23700;ASH_COATED_OSMIUM;9990.0;20.0;;;;;10008.0;15.0;10011.0;20.0;;;9999.0;0.0;-10.61328125;9999.0;10000.5;10000.5;9998.603256197266;-0.3967438027339085
19;23700;INTARIAN_PEPPER_ROOT;12017.0;10.0;12014.0;20.0;;;;;;;;;12017.0;0.0;0.0;;;;9997.660223070385;
19;23800;INTARIAN_PEPPER_ROOT;12017.0;10.0;12014.0;15.0;;;12030.0;10.0;12033.0;15.0;;;12023.5;0.0;0.0;12023.5;12023.5;12023.5;9997.793357158887;-2025.7066428411126
19;23800;ASH_COATED_OSMIUM;9992.0;11.0;9990.0;22.0;;;10008.0;11.0;10011.0;22.0;;;10000.0;0.0;-10.6064453125;10000.0;10000.5;10000.5;9997.894317176;-2.105682823999814
19;23900;ASH_COATED_OSMIUM;9993.0;14.0;9990.0;27.0;;;;;;;;;9993.0;0.0;-10.166015625;;;;9997.993058291639;
19;23900;INTARIAN_PEPPER_ROOT;12017.0;8.0;12014.0;23.0;;;12030.0;8.0;12033.0;23.0;;;12023.5;0.0;0.0;12023.5;12023.5;12023.5;9998.231590200201;-2025.268409799799
19;24000;INTARIAN_PEPPER_ROOT;12017.0;12.0;12014.0;25.0;;;12031.0;12.0;12034.0;25.0;;;12024.0;0.0;0.0;12024.0;12024.0;12024.0;9998.170570409638;-2025.8294295903615
19;24000;ASH_COATED_OSMIUM;9990.0;29.0;;;;;;;;;;;9990.0;0.0;-10.0283203125;;;;9998.16502315595;
19;24100;ASH_COATED_OSMIUM;9993.0;10.0;9990.0;20.0;;;10011.0;20.0;;;;;10002.0;0.0;-10.0546875;10002.0;10000.5;10000.5;9998.156147550051;-3.8438524499488267
19;24100;INTARIAN_PEPPER_ROOT;12018.0;9.0;12015.0;25.0;;;12031.0;9.0;12034.0;25.0;;;12024.5;0.0;0.0;12024.5;12024.5;12024.5;9998.16613260669;-2026.3338673933104
19;24200;INTARIAN_PEPPER_ROOT;12018.0;8.0;12015.0;23.0;;;12031.0;8.0;12034.0;23.0;;;12024.5;0.0;0.0;12024.5;12024.5;12024.5;9997.782262651512;-2026.7177373484883
19;24200;ASH_COATED_OSMIUM;9992.0;14.0;9990.0;23.0;;;10008.0;14.0;;;;;10000.0;0.0;-10.6123046875;10000.0;9999.0;9999.0;9998.18832162144;-1.8116783785608277
19;24300;INTARIAN_PEPPER_ROOT;12015.0;21.0;;;;;12031.0;11.0;;;;;12023.0;0.0;0.0;12023.0;12023.0;12023.0;9997.893207725263;-2025.106792274737
19;24300;ASH_COATED_OSMIUM;9993.0;14.0;9990.0;27.0;;;10009.0;14.0;10011.0;27.0;;;10001.0;0.0;-10.255859375;10001.0;10000.5;10000.5;9997.86325255535;-3.1367474446506094
19;24400;INTARIAN_PEPPER_ROOT;12018.0;11.0;12015.0;19.0;;;12031.0;11.0;12034.0;19.0;;;12024.5;0.0;0.0;12024.5;12024.5;12024.5;9998.189431072176;-2026.3105689278236
19;24400;ASH_COATED_OSMIUM;9992.0;14.0;9990.0;28.0;;;10008.0;14.0;10011.0;28.0;;;10000.0;0.0;-10.65234375;10000.0;10000.5;10000.5;9998.39689836009;-1.6031016399101645
19;24500;INTARIAN_PEPPER_ROOT;12018.0;11.0;12015.0;23.0;;;12031.0;11.0;12034.0;23.0;;;12024.5;0.0;0.0;12024.5;12024.5;12024.5;9998.404664515254;-2026.095335484746
19;24500;ASH_COATED_OSMIUM;9992.0;14.0;9990.0;24.0;;;10008.0;14.0;10011.0;24.0;;;10000.0;0.0;-10.7685546875;10000.0;10000.5;10000.5;9998.627664113492;-1.3723358865081536
19;24600;INTARIAN_PEPPER_ROOT;12018.0;11.0;12015.0;21.0;;;12031.0;11.0;12034.0;21.0;;;12024.5;0.0;0.0;12024.5;12024.5;12024.5;9998.222714594302;-2026.2772854056984
19;24600;ASH_COATED_OSMIUM;9992.0;12.0;9990.0;22.0;;;10008.0;12.0;10011.0;22.0;;;10000.0;0.0;-10.884765625;10000.0;10000.5;10000.5;9997.55149689811;-2.44850310189031
19;24700;ASH_COATED_OSMIUM;;;;;;;10009.0;15.0;10011.0;20.0;;;10009.0;0.0;-10.2548828125;;;;9997.375094230847;
19;24700;INTARIAN_PEPPER_ROOT;12022.0;12.0;12018.0;11.0;12015.0;20.0;12031.0;11.0;12034.0;20.0;;;12026.5;0.0;0.0;12026.5;12024.5;12024.5;9997.602531632036;-2028.8974683679644
19;24800;ASH_COATED_OSMIUM;9993.0;10.0;;;;;10009.0;10.0;10011.0;28.0;;;10001.0;0.0;-10.1728515625;10001.0;10002.0;10002.0;9997.819983976588;-3.1800160234124633
19;24800;INTARIAN_PEPPER_ROOT;12018.0;8.0;;;;;12031.0;8.0;12034.0;25.0;;;12024.5;0.0;0.0;12024.5;12026.0;12026.0;9997.777824848561;-2026.722175151439
19;24900;ASH_COATED_OSMIUM;9993.0;13.0;9990.0;24.0;;;;;;;;;9993.0;0.0;-10.1923828125;;;;9998.55776871703;
19;24900;INTARIAN_PEPPER_ROOT;12018.0;9.0;12015.0;23.0;;;12031.0;9.0;12034.0;23.0;;;12024.5;0.0;0.0;12024.5;12024.5;12024.5;9998.857320416157;-2025.6426795838433
19;25000;ASH_COATED_OSMIUM;;;;;;;10009.0;13.0;;;;;10009.0;0.0;-10.341796875;;;;9998.728624130605;
19;25000;INTARIAN_PEPPER_ROOT;12018.0;9.0;12015.0;25.0;;;12032.0;9.0;12035.0;25.0;;;12025.0;0.0;0.0;12025.0;12025.0;12025.0;9998.534470251541;-2026.4655297484587
19;25100;ASH_COATED_OSMIUM;9999.0;5.0;9993.0;13.0;9991.0;26.0;10009.0;13.0;10012.0;26.0;;;10004.0;0.0;-9.6640625;10004.0;10001.5;10001.5;9998.375818796078;-5.62418120392249
19;25100;INTARIAN_PEPPER_ROOT;12019.0;10.0;12016.0;18.0;;;12032.0;10.0;;;;;12025.5;0.0;0.0;12025.5;12024.0;12024.0;9998.140615239727;-2027.3593847602733
19;25200;ASH_COATED_OSMIUM;9993.0;13.0;9990.0;24.0;;;10009.0;13.0;;;;;10001.0;0.0;-10.0869140625;10001.0;9999.5;9999.5;9998.318127357728;-2.681872642271628
19;25200;INTARIAN_PEPPER_ROOT;12019.0;10.0;12016.0;18.0;;;12035.0;18.0;;;;;12027.0;0.0;0.0;12027.0;12025.5;12025.5;9998.16502315595;-2028.8349768440494
19;25300;ASH_COATED_OSMIUM;9993.0;12.0;9990.0;21.0;;;10009.0;12.0;10011.0;21.0;;;10001.0;0.0;-10.1103515625;10001.0;10000.5;10000.5;9998.048530828513;-2.9514691714866785
19;25300;INTARIAN_PEPPER_ROOT;12019.0;12.0;;;;;12032.0;12.0;12035.0;15.0;;;12025.5;0.0;0.0;12025.5;12027.0;12027.0;9998.0984561117;-2027.4015438882998
19;25400;INTARIAN_PEPPER_ROOT;12019.0;8.0;12016.0;18.0;;;12035.0;18.0;;;;;12027.0;0.0;0.0;12027.0;12025.5;12025.5;9998.132849084564;-2028.8671509154356
19;25400;ASH_COATED_OSMIUM;;;;;;;10009.0;11.0;10011.0;27.0;;;10009.0;0.0;-10.1376953125;;;;9997.783372102249;
19;25500;INTARIAN_PEPPER_ROOT;12019.0;12.0;12016.0;22.0;;;12032.0;12.0;12035.0;22.0;;;12025.5;0.0;0.0;12025.5;12025.5;12025.5;9997.312964989545;-2028.1870350104546
19;25500;ASH_COATED_OSMIUM;9993.0;14.0;9990.0;23.0;;;10009.0;14.0;10011.0;23.0;;;10001.0;0.0;-10.16015625;10001.0;10000.5;10000.5;9998.223824045039;-2.776175954961218
19;25600;INTARIAN_PEPPER_ROOT;12019.0;10.0;12016.0;19.0;;;12032.0;10.0;12035.0;19.0;;;12025.5;0.0;0.0;12025.5;12025.5;12025.5;9999.11804133947;-2026.3819586605296
19;25600;ASH_COATED_OSMIUM;9993.0;14.0;9990.0;24.0;;;10009.0;14.0;10011.0;24.0;;;10001.0;0.0;-10.185546875;10001.0;10000.5;10000.5;9999.088086169557;-1.9119138304431544
19;25700;INTARIAN_PEPPER_ROOT;12019.0;12.0;12016.0;22.0;;;12032.0;12.0;12035.0;22.0;;;12025.5;0.0;0.0;12025.5;12025.5;12025.5;9999.003767913508;-2026.4962320864925
19;25700;ASH_COATED_OSMIUM;9993.0;10.0;9990.0;24.0;;;10009.0;10.0;10011.0;24.0;;;10001.0;0.0;-10.4013671875;10001.0;10000.5;10000.5;9998.716420172492;-2.2835798275082198
19;25800;ASH_COATED_OSMIUM;9990.0;27.0;;;;;10008.0;10.0;10011.0;27.0;;;9999.0;0.0;-10.5517578125;9999.0;10000.5;10000.5;9998.734171384292;-0.2658286157075054
19;25800;INTARIAN_PEPPER_ROOT;12019.0;9.0;;;;;12032.0;9.0;12035.0;20.0;;;12025.5;0.0;0.0;12025.5;12027.0;12027.0;9998.25932646864;-2027.2406735313598
19;25900;INTARIAN_PEPPER_ROOT;12019.0;11.0;12016.0;18.0;;;12032.0;11.0;12035.0;18.0;;;12025.5;0.0;0.0;12025.5;12025.5;12025.5;9998.505624532367;-2026.9943754676333
19;25900;ASH_COATED_OSMIUM;9993.0;12.0;9990.0;27.0;;;10009.0;12.0;10011.0;27.0;;;10001.0;0.0;-10.3076171875;10001.0;10000.5;10000.5;9998.634320817917;-2.365679182083113
19;26000;INTARIAN_PEPPER_ROOT;12019.0;11.0;12016.0;24.0;;;12033.0;11.0;;;;;12026.0;0.0;0.0;12026.0;12024.5;12024.5;9998.67758939668;-2027.3224106033194
19;26000;ASH_COATED_OSMIUM;9993.0;15.0;9990.0;27.0;;;10009.0;15.0;10011.0;27.0;;;10001.0;0.0;-10.20703125;10001.0;10000.5;10000.5;9999.613965819137;-1.3860341808631347
19;26100;ASH_COATED_OSMIUM;9993.0;14.0;9990.0;24.0;;;10009.0;14.0;10011.0;24.0;;;10001.0;0.0;-10.4091796875;10001.0;10000.5;10000.5;9998.934981967781;-2.0650180322190863
19;26100;INTARIAN_PEPPER_ROOT;;;;;;;12033.0;9.0;12036.0;22.0;;;12033.0;0.0;0.0;;;;9998.86952437427;
19;26200;ASH_COATED_OSMIUM;9991.0;27.0;;;;;10009.0;14.0;10012.0;27.0;;;10000.0;0.0;-9.6416015625;10000.0;10001.5;10001.5;9997.883222668625;-2.116777331375488
19;26200;INTARIAN_PEPPER_ROOT;12020.0;11.0;12017.0;16.0;;;12033.0;11.0;12036.0;16.0;;;12026.5;0.0;0.0;12026.5;12026.5;12026.5;9997.395064344122;-2029.1049356558779
19;26300;INTARIAN_PEPPER_ROOT;12020.0;10.0;12017.0;17.0;;;12033.0;10.0;12036.0;17.0;;;12026.5;0.0;0.0;12026.5;12026.5;12026.5;9997.314074440283;-2029.1859255597174
19;26300;ASH_COATED_OSMIUM;;;;;;;10009.0;11.0;10012.0;25.0;;;10009.0;0.0;-9.6796875;;;;9997.472725895746;
19;26400;INTARIAN_PEPPER_ROOT;12020.0;9.0;12017.0;17.0;;;12033.0;9.0;12036.0;17.0;;;12026.5;0.0;0.0;12026.5;12026.5;12026.5;9996.810383805456;-2029.6896161945442
19;26400;ASH_COATED_OSMIUM;9994.0;14.0;9991.0;27.0;;;9999.0;10.0;10010.0;14.0;10012.0;27.0;9996.5;0.0;-9.0244140625;9996.5;10001.5;10001.5;9996.386573623728;-0.11342637627240038
19;26500;ASH_COATED_OSMIUM;9994.0;13.0;9991.0;21.0;;;9999.0;5.0;10010.0;13.0;10012.0;21.0;9996.5;0.0;-9.0048828125;9996.5;10001.5;10001.5;9996.56297629099;0.0629762909902638
19;26500;INTARIAN_PEPPER_ROOT;12020.0;8.0;;;;;12033.0;8.0;12036.0;23.0;;;12026.5;0.0;0.0;12026.5;12028.0;12028.0;9996.297817564726;-2030.2021824352742
19;26600;ASH_COATED_OSMIUM;9994.0;14.0;;;;;10010.0;14.0;10013.0;29.0;;;10002.0;0.0;-8.9189453125;10002.0;10003.5;10003.5;9996.956831302807;-5.043168697193323
19;26600;INTARIAN_PEPPER_ROOT;12020.0;12.0;12017.0;18.0;;;12033.0;12.0;12036.0;18.0;;;12026.5;0.0;0.0;12026.5;12026.5;12026.5;9997.46274083911;-2029.0372591608902
19;26700;INTARIAN_PEPPER_ROOT;12020.0;12.0;;;;;12036.0;23.0;;;;;12028.0;0.0;0.0;12028.0;12028.0;12028.0;9997.686849888085;-2030.313150111915
19;26700;ASH_COATED_OSMIUM;9994.0;10.0;9992.0;26.0;;;10010.0;10.0;10013.0;26.0;;;10002.0;0.0;-8.80078125;10002.0;10002.5;10002.5;9997.259711354145;-4.740288645854889
19;26800;INTARIAN_PEPPER_ROOT;12020.0;10.0;12017.0;21.0;;;12033.0;10.0;;;;;12026.5;0.0;0.0;12026.5;12025.0;12025.0;9997.258601903408;-2029.241398096592
19;26800;ASH_COATED_OSMIUM;9991.0;20.0;;;;;10010.0;10.0;10012.0;20.0;;;10000.5;0.0;-9.0546875;10000.5;10001.5;10001.5;9997.237522339396;-3.262477660604418
19;26900;ASH_COATED_OSMIUM;9993.0;11.0;9991.0;22.0;;;10009.0;11.0;;;;;10001.0;0.0;-9.763671875;10001.0;10000.0;10000.0;9997.344029610196;-3.6559703898037696
19;26900;INTARIAN_PEPPER_ROOT;12020.0;8.0;12017.0;25.0;;;12033.0;8.0;12036.0;25.0;;;12026.5;0.0;0.0;12026.5;12026.5;12026.5;9997.066666925819;-2029.433333074181
19;27000;ASH_COATED_OSMIUM;9990.0;26.0;;;;;10009.0;10.0;10011.0;26.0;;;9999.5;0.0;-10.0458984375;9999.5;10000.5;10000.5;9996.40765318774;-3.0923468122600752
19;27000;INTARIAN_PEPPER_ROOT;;;;;;;12034.0;12.0;12037.0;18.0;;;12034.0;0.0;0.0;;;;9996.531911670341;
19;27100;INTARIAN_PEPPER_ROOT;12021.0;12.0;12018.0;25.0;;;12034.0;12.0;12037.0;25.0;;;12027.5;0.0;0.0;12027.5;12027.5;12027.5;9996.342195594227;-2031.1578044057733
19;27100;ASH_COATED_OSMIUM;9991.0;27.0;;;;;10012.0;27.0;;;;;10001.5;0.0;-9.7646484375;10001.5;10001.5;10001.5;9995.994937513387;-5.505062486612587
19;27200;INTARIAN_PEPPER_ROOT;12018.0;22.0;;;;;;;;;;;12018.0;0.0;0.0;;;;9995.930589370611;
19;27200;ASH_COATED_OSMIUM;;;;;;;10009.0;10.0;10011.0;23.0;;;10009.0;0.0;-10.197265625;;;;9995.741982745236;
19;27300;ASH_COATED_OSMIUM;10002.0;10.0;;;;;10009.0;15.0;10011.0;25.0;;;10005.5;0.0;-10.1865234375;10005.5;10006.5;10006.5;9995.808549789486;-9.691450210513722
19;27300;INTARIAN_PEPPER_ROOT;12018.0;20.0;;;;;12034.0;9.0;;;;;12026.0;0.0;0.0;12026.0;12026.0;12026.0;9995.977186301587;-2030.0228136984133
19;27400;ASH_COATED_OSMIUM;9993.0;10.0;9991.0;22.0;;;10009.0;10.0;;;;;10001.0;0.0;-9.5654296875;10001.0;10000.0;10000.0;9995.801893085061;-5.198106914938762
19;27400;INTARIAN_PEPPER_ROOT;12021.0;11.0;12018.0;19.0;;;12034.0;11.0;12037.0;19.0;;;12027.5;0.0;0.0;12027.5;12027.5;12027.5;9995.702042518686;-2031.7979574813144
19;27500;INTARIAN_PEPPER_ROOT;12021.0;9.0;;;;;12034.0;9.0;12037.0;19.0;;;12027.5;0.0;0.0;12027.5;12029.0;12029.0;9995.992718611911;-2031.5072813880888
19;27500;ASH_COATED_OSMIUM;9993.0;11.0;;;;;10009.0;11.0;10012.0;30.0;;;10001.0;0.0;-9.7265625;10001.0;10002.5;10002.5;9995.592206895672;-5.407793104328448
19;27600;INTARIAN_PEPPER_ROOT;12021.0;11.0;12018.0;20.0;;;12037.0;20.0;;;;;12029.0;0.0;0.0;12029.0;12027.5;12027.5;9995.158411657307;-2033.8415883426933
19;27600;ASH_COATED_OSMIUM;9993.0;14.0;9991.0;26.0;;;10009.0;14.0;10012.0;26.0;;;10001.0;0.0;-9.986328125;10001.0;10001.5;10001.5;9995.63769437591;-5.362305624090368
19;27700;ASH_COATED_OSMIUM;9993.0;12.0;9991.0;30.0;;;10009.0;12.0;10012.0;30.0;;;10001.0;0.0;-9.9931640625;10001.0;10001.5;10001.5;9995.353674987107;-5.646325012892703
19;27700;INTARIAN_PEPPER_ROOT;12021.0;10.0;12018.0;18.0;;;12030.0;5.0;12034.0;10.0;12037.0;18.0;12025.5;0.0;0.0;12025.5;12027.5;12027.5;9995.500122484458;-2029.9998775155418
19;27800;ASH_COATED_OSMIUM;9992.0;14.0;9990.0;20.0;;;10008.0;14.0;;;;;10000.0;0.0;-10.5205078125;10000.0;9999.0;9999.0;9995.384739607758;-4.6152603922419075
19;27800;INTARIAN_PEPPER_ROOT;12021.0;9.0;12018.0;25.0;;;12034.0;9.0;12037.0;25.0;;;12027.5;0.0;0.0;12027.5;12027.5;12027.5;9995.345908831945;-2032.154091168055
19;27900;INTARIAN_PEPPER_ROOT;12018.0;22.0;;;;;12034.0;8.0;12037.0;22.0;;;12026.0;0.0;0.0;12026.0;12027.5;12027.5;9994.916551396529;-2031.083448603471
19;27900;ASH_COATED_OSMIUM;9992.0;14.0;9990.0;29.0;;;10008.0;14.0;10011.0;29.0;;;10000.0;0.0;-10.73828125;10000.0;10000.5;10000.5;9995.241620462619;-4.758379537381188
19;28000;INTARIAN_PEPPER_ROOT;12021.0;8.0;12018.0;25.0;;;12035.0;8.0;;;;;12028.0;0.0;0.0;12028.0;12026.5;12026.5;9995.38806795997;-2032.6119320400303
19;28000;ASH_COATED_OSMIUM;9992.0;13.0;9990.0;22.0;;;10008.0;13.0;10011.0;22.0;;;10000.0;0.0;-10.919921875;10000.0;10000.5;10000.5;9995.693166912784;-4.306833087215637
19;28100;ASH_COATED_OSMIUM;;;;;;;10008.0;15.0;;;;;10008.0;0.0;-11.1328125;;;;9995.716465378273;
19;28100;INTARIAN_PEPPER_ROOT;12022.0;10.0;;;;;12035.0;10.0;12038.0;20.0;;;12028.5;0.0;0.0;12028.5;12030.0;12030.0;9995.672087348772;-2032.827912651228
19;28200;ASH_COATED_OSMIUM;9990.0;23.0;;;;;10009.0;10.0;10011.0;23.0;;;9999.5;0.0;-10.4833984375;9999.5;10000.5;10000.5;9995.082969007157;-4.417030992843138
19;28200;INTARIAN_PEPPER_ROOT;12022.0;8.0;;;;;12038.0;19.0;;;;;12030.0;0.0;0.0;12030.0;12030.0;12030.0;9994.846656000067;-2035.153343999933
19;28300;INTARIAN_PEPPER_ROOT;12022.0;9.0;;;;;12035.0;9.0;;;;;12028.5;0.0;0.0;12028.5;12028.5;12028.5;9995.195023531644;-2033.3049764683565
19;28300;ASH_COATED_OSMIUM;9993.0;12.0;9990.0;28.0;;;10009.0;12.0;10011.0;28.0;;;10001.0;0.0;-10.109375;10001.0;10000.5;10000.5;9995.249386617783;-5.750613382217125
19;28400;INTARIAN_PEPPER_ROOT;12019.0;16.0;;;;;12035.0;8.0;12038.0;16.0;;;12027.0;0.0;0.0;12027.0;12028.5;12028.5;9995.626599868534;-2031.373400131466
19;28400;ASH_COATED_OSMIUM;9993.0;15.0;;;;;10009.0;15.0;10011.0;20.0;;;10001.0;0.0;-10.359375;10001.0;10002.0;10002.0;9996.387683074465;-4.612316925535197
19;28500;ASH_COATED_OSMIUM;9993.0;14.0;9990.0;28.0;;;10009.0;14.0;10011.0;28.0;;;10001.0;0.0;-10.2490234375;10001.0;10000.5;10000.5;9996.113648742301;-4.8863512576990615
19;28500;INTARIAN_PEPPER_ROOT;12022.0;12.0;12019.0;25.0;;;12035.0;12.0;12038.0;25.0;;;12028.5;0.0;0.0;12028.5;12028.5;12028.5;9995.94945003315;-2032.5505499668507
19;28600;ASH_COATED_OSMIUM;9990.0;26.0;;;;;10009.0;12.0;10011.0;26.0;;;9999.5;0.0;-10.1259765625;9999.5;10000.5;10000.5;9996.294489212514;-3.205510787485764
19;28600;INTARIAN_PEPPER_ROOT;12019.0;20.0;;;;;12035.0;12.0;;;;;12027.0;0.0;0.0;12027.0;12027.0;12027.0;9996.233469421952;-2030.7665305780483
19;28700;INTARIAN_PEPPER_ROOT;12022.0;9.0;;;;;12035.0;9.0;12038.0;19.0;;;12028.5;0.0;0.0;12028.5;12030.0;12030.0;9995.836286057924;-2032.6637139420764
19;28700;ASH_COATED_OSMIUM;9991.0;22.0;;;;;10010.0;14.0;10012.0;22.0;;;10000.5;0.0;-9.3955078125;10000.5;10001.5;10001.5;9995.101829669693;-5.398170330307039
19;28800;INTARIAN_PEPPER_ROOT;12022.0;10.0;12019.0;15.0;;;12035.0;10.0;12038.0;15.0;;;12028.5;0.0;0.0;12028.5;12028.5;12028.5;9994.447253734565;-2034.0527462654354
19;28800;ASH_COATED_OSMIUM;9993.0;14.0;9991.0;21.0;;;10009.0;14.0;;;;;10001.0;0.0;-9.591796875;10001.0;10000.0;10000.0;9994.673581685016;-6.326418314984039
19;28900;INTARIAN_PEPPER_ROOT;12022.0;9.0;12019.0;23.0;;;12038.0;23.0;;;;;12030.0;0.0;0.0;12030.0;12028.5;12028.5;9994.472771101528;-2035.5272288984725
19;28900;ASH_COATED_OSMIUM;9993.0;11.0;9991.0;22.0;;;10009.0;11.0;;;;;10001.0;0.0;-9.9013671875;10001.0;10000.0;10000.0;9994.59592013339;-6.404079866610118
19;29000;INTARIAN_PEPPER_ROOT;12022.0;10.0;12019.0;18.0;;;12036.0;10.0;12039.0;18.0;;;12029.0;0.0;0.0;12029.0;12029.0;12029.0;9994.743477081478;-2034.256522918522
19;29000;ASH_COATED_OSMIUM;9991.0;24.0;;;;;10009.0;11.0;10012.0;24.0;;;10000.0;0.0;-9.9189453125;10000.0;10001.5;10001.5;9994.422845818339;-5.577154181661172
19;29100;INTARIAN_PEPPER_ROOT;;;;;;;12036.0;10.0;12039.0;20.0;;;12036.0;0.0;0.0;;;;9994.655830473215;
19;29100;ASH_COATED_OSMIUM;9993.0;12.0;9990.0;23.0;;;10009.0;12.0;10011.0;23.0;;;10001.0;0.0;-10.078125;10001.0;10000.5;10000.5;9994.395109549901;-6.604890450098537
19;29200;ASH_COATED_OSMIUM;9993.0;12.0;;;;;10009.0;12.0;10011.0;22.0;;;10001.0;0.0;-10.318359375;10001.0;10002.0;10002.0;9994.083353892662;-6.916646107338238
19;29200;INTARIAN_PEPPER_ROOT;12020.0;24.0;;;;;12036.0;10.0;;;;;12028.0;0.0;0.0;12028.0;12028.0;12028.0;9994.08002554045;-2033.9199744595498
19;29300;ASH_COATED_OSMIUM;9993.0;10.0;;;;;10009.0;10.0;10011.0;22.0;;;10001.0;0.0;-10.1748046875;10001.0;10002.0;10002.0;9993.88365275991;-7.116347240089453
19;29300;INTARIAN_PEPPER_ROOT;12023.0;10.0;12020.0;24.0;;;12025.0;4.0;12036.0;10.0;12039.0;24.0;12024.0;0.0;0.0;12024.0;12029.5;12029.5;9994.197627318625;-2029.8023726813753
19;29400;ASH_COATED_OSMIUM;9990.0;23.0;;;;;10011.0;23.0;;;;;10000.5;0.0;-10.1748046875;10000.5;10000.5;10000.5;9994.03564751095;-6.464352489050725
19;29400;INTARIAN_PEPPER_ROOT;12023.0;8.0;;;;;12036.0;8.0;;;;;12029.5;0.0;0.0;12029.5;12029.5;12029.5;9994.825576436055;-2034.6744235639453
19;29500;ASH_COATED_OSMIUM;9998.0;2.0;9990.0;20.0;;;10011.0;20.0;;;;;10004.5;0.0;-10.1220703125;10004.5;10000.5;10000.5;9994.449472636039;-10.05052736396101
19;29500;INTARIAN_PEPPER_ROOT;12023.0;12.0;12020.0;15.0;;;12036.0;12.0;12039.0;15.0;;;12029.5;0.0;0.0;12029.5;12029.5;12029.5;9994.70242740419;-2034.7975725958095
19;29600;ASH_COATED_OSMIUM;9993.0;12.0;9990.0;26.0;;;10009.0;12.0;;;;;10001.0;0.0;-10.4755859375;10001.0;9999.5;9999.5;9994.001254538087;-6.998745461913131
19;29600;INTARIAN_PEPPER_ROOT;12023.0;12.0;;;;;12036.0;12.0;12039.0;21.0;;;12029.5;0.0;0.0;12029.5;12031.0;12031.0;9993.848150336311;-2035.651849663689
19;29700;ASH_COATED_OSMIUM;9990.0;22.0;;;;;10008.0;15.0;10011.0;22.0;;;9999.0;0.0;-10.6240234375;9999.0;10000.5;10000.5;9993.111475046606;-5.888524953394153
19;29700;INTARIAN_PEPPER_ROOT;12023.0;12.0;12020.0;21.0;;;12036.0;12.0;12039.0;21.0;;;12029.5;0.0;0.0;12029.5;12029.5;12029.5;9993.535285228334;-2035.964714771666
19;29800;ASH_COATED_OSMIUM;9993.0;13.0;9990.0;25.0;;;10011.0;25.0;;;;;10002.0;0.0;-10.2548828125;10002.0;10000.5;10000.5;9993.048236354567;-8.951763645432948
19;29800;INTARIAN_PEPPER_ROOT;12023.0;9.0;;;;;12036.0;9.0;12039.0;16.0;;;12029.5;0.0;0.0;12029.5;12031.0;12031.0;9993.191355499706;-2036.3086445002937
19;29900;INTARIAN_PEPPER_ROOT;12023.0;12.0;12020.0;16.0;;;12036.0;12.0;;;;;12029.5;0.0;0.0;12029.5;12028.0;12028.0;9992.896241603528;-2036.6037583964717
19;29900;ASH_COATED_OSMIUM;9993.0;10.0;9990.0;30.0;;;10009.0;10.0;;;;;10001.0;0.0;-10.1259765625;10001.0;9999.5;9999.5;9993.76826988321;-7.231730116789549
19;30000;INTARIAN_PEPPER_ROOT;12023.0;11.0;;;;;12040.0;20.0;;;;;12031.5;0.0;0.0;12031.5;12031.5;12031.5;9994.187642261988;-2037.312357738012
19;30000;ASH_COATED_OSMIUM;9993.0;11.0;;;;;10009.0;11.0;;;;;10001.0;0.0;-10.3017578125;10001.0;10001.0;10001.0;9994.099995653725;-6.900004346274727
19;30100;INTARIAN_PEPPER_ROOT;12024.0;12.0;12021.0;25.0;;;12037.0;12.0;;;;;12030.5;0.0;0.0;12030.5;12029.0;12029.0;9993.886981112122;-2036.6130188878778
19;30100;ASH_COATED_OSMIUM;9993.0;15.0;;;;;10009.0;15.0;;;;;10001.0;0.0;-9.962890625;10001.0;10001.0;10001.0;9993.788239996486;-7.211760003514428
19;30200;INTARIAN_PEPPER_ROOT;12021.0;17.0;;;;;;;;;;;12021.0;0.0;0.0;;;;9993.848150336311;
19;30200;ASH_COATED_OSMIUM;9993.0;11.0;9991.0;28.0;;;10009.0;11.0;;;;;10001.0;0.0;-9.8115234375;10001.0;10000.0;10000.0;9994.17765720535;-6.822342794650467
19;30300;ASH_COATED_OSMIUM;9993.0;14.0;9991.0;29.0;;;10009.0;14.0;10012.0;29.0;;;10001.0;0.0;-9.7958984375;10001.0;10001.5;10001.5;9994.411751310963;-6.5882486890368455
19;30300;INTARIAN_PEPPER_ROOT;12024.0;8.0;12021.0;22.0;;;12037.0;8.0;12040.0;22.0;;;12030.5;0.0;0.0;12030.5;12030.5;12030.5;9994.95205382013;-2035.5479461798695
19;30400;INTARIAN_PEPPER_ROOT;12024.0;10.0;12021.0;16.0;;;12040.0;16.0;;;;;12032.0;0.0;0.0;12032.0;12030.5;12030.5;9994.25753765845;-2037.74246234155
19;30400;ASH_COATED_OSMIUM;9993.0;10.0;9990.0;30.0;;;10009.0;10.0;;;;;10001.0;0.0;-10.4150390625;10001.0;9999.5;9999.5;9994.815591379416;-6.184408620583781
19;30500;ASH_COATED_OSMIUM;9990.0;28.0;;;;;10009.0;11.0;10011.0;28.0;;;9999.5;0.0;-10.484375;9999.5;10000.5;10000.5;9995.386958509232;-4.1130414907675
19;30500;INTARIAN_PEPPER_ROOT;12024.0;8.0;12021.0;18.0;;;;;;;;;12024.0;0.0;0.0;;;;9996.191310293925;
19;30600;INTARIAN_PEPPER_ROOT;12024.0;12.0;12021.0;25.0;;;12037.0;12.0;12040.0;25.0;;;12030.5;0.0;0.0;12030.5;12030.5;12030.5;9996.244563929326;-2034.2554360706745
19;30600;ASH_COATED_OSMIUM;9993.0;11.0;9990.0;30.0;;;10009.0;11.0;10011.0;30.0;;;10001.0;0.0;-10.294921875;10001.0;10000.5;10000.5;9996.414309892165;-4.585690107835035
19;30700;ASH_COATED_OSMIUM;;;;;;;10009.0;12.0;10011.0;27.0;;;10009.0;0.0;-10.38671875;;;;9996.466454076828;
19;30700;INTARIAN_PEPPER_ROOT;12024.0;9.0;12021.0;24.0;;;12037.0;9.0;12040.0;24.0;;;12030.5;0.0;0.0;12030.5;12030.5;12030.5;9996.355509003077;-2034.1444909969232
19;30800;INTARIAN_PEPPER_ROOT;12024.0;10.0;12021.0;23.0;;;12037.0;10.0;12040.0;23.0;;;12030.5;0.0;0.0;12030.5;12030.5;12030.5;9996.200185899826;-2034.2998141001735
19;30800;ASH_COATED_OSMIUM;9990.0;29.0;;;;;10009.0;10.0;;;;;9999.5;0.0;-10.2138671875;9999.5;9999.5;9999.5;9996.1846535895;-3.315346410499842
19;30900;ASH_COATED_OSMIUM;9993.0;11.0;;;;;10009.0;11.0;10011.0;21.0;;;10001.0;0.0;-10.3037109375;10001.0;10002.0;10002.0;9996.558538488041;-4.4414615119585505
19;30900;INTARIAN_PEPPER_ROOT;12021.0;23.0;;;;;12037.0;8.0;12040.0;23.0;;;12029.0;0.0;0.0;12029.0;12030.5;12030.5;9996.673921364742;-2032.3260786352585
19;31000;INTARIAN_PEPPER_ROOT;12024.0;10.0;12021.0;18.0;;;12041.0;18.0;;;;;12032.5;0.0;0.0;12032.5;12031.0;12031.0;9996.450921766502;-2036.0490782334982
19;31000;ASH_COATED_OSMIUM;9990.0;26.0;;;;;10009.0;12.0;10011.0;26.0;;;9999.5;0.0;-10.2470703125;9999.5;10000.5;10000.5;9995.811878141698;-3.688121858302111
19;31100;ASH_COATED_OSMIUM;9990.0;23.0;;;;;10008.0;13.0;;;;;9999.0;0.0;-10.7001953125;9999.0;9999.0;9999.0;9996.607354320491;-2.3926456795088598
19;31100;INTARIAN_PEPPER_ROOT;;;;;;;;;;;;;0.0;0.0;0.0;;;;9996.595150362378;
19;31200;INTARIAN_PEPPER_ROOT;12025.0;11.0;;;;;12041.0;18.0;;;;;12033.0;0.0;0.0;12033.0;12033.0;12033.0;9996.929095034367;-2036.0709049656325
19;31200;ASH_COATED_OSMIUM;9993.0;15.0;9990.0;21.0;;;10009.0;15.0;;;;;10001.0;0.0;-10.0439453125;10001.0;9999.5;9999.5;9997.135452871544;-3.864547128456252
19;31300;ASH_COATED_OSMIUM;9993.0;14.0;;;;;10009.0;14.0;10011.0;20.0;;;10001.0;0.0;-10.3017578125;10001.0;10002.0;10002.0;9997.163189139983;-3.836810860017067
19;31300;INTARIAN_PEPPER_ROOT;12022.0;22.0;;;;;;;;;;;12022.0;0.0;0.0;;;;9996.357727904551;
19;31400;INTARIAN_PEPPER_ROOT;12025.0;10.0;12022.0;20.0;;;12038.0;10.0;12041.0;20.0;;;12031.5;0.0;0.0;12031.5;12031.5;12031.5;9996.27895690219;-2035.2210430978103
19;31400;ASH_COATED_OSMIUM;9998.0;5.0;9993.0;11.0;9990.0;22.0;10011.0;22.0;;;;;10004.5;0.0;-10.08984375;10004.5;10000.5;10000.5;9996.227922168264;-8.27207783173617
19;31500;ASH_COATED_OSMIUM;9993.0;11.0;9990.0;21.0;;;10009.0;11.0;;;;;10001.0;0.0;-10.0126953125;10001.0;9999.5;9999.5;9996.261205690389;-4.738794309610967
19;31500;INTARIAN_PEPPER_ROOT;12025.0;12.0;12022.0;15.0;;;12038.0;12.0;;;;;12031.5;0.0;0.0;12031.5;12030.0;12030.0;9995.72645043491;-2035.7735495650904
19;31600;INTARIAN_PEPPER_ROOT;12022.0;16.0;;;;;12038.0;8.0;12041.0;16.0;;;12030.0;0.0;0.0;12030.0;12031.5;12031.5;9995.658773939922;-2034.341226060078
19;31600;ASH_COATED_OSMIUM;9993.0;13.0;9990.0;24.0;;;10009.0;13.0;10011.0;24.0;;;10001.0;0.0;-10.0693359375;10001.0;10000.5;10000.5;9995.46794841307;-5.532051586929811
19;31700;ASH_COATED_OSMIUM;9993.0;10.0;9990.0;29.0;;;10009.0;10.0;10011.0;29.0;;;10001.0;0.0;-10.0166015625;10001.0;10000.5;10000.5;9995.435774341684;-5.564225658315991
19;31700;INTARIAN_PEPPER_ROOT;12035.0;4.0;12025.0;12.0;;;12038.0;12.0;12041.0;21.0;;;12036.5;0.0;0.0;12036.5;12033.0;12033.0;9995.517873696259;-2040.982126303741
19;31800;INTARIAN_PEPPER_ROOT;12025.0;12.0;;;;;12038.0;12.0;12041.0;19.0;;;12031.5;0.0;0.0;12031.5;12033.0;12033.0;9995.92282321545;-2035.5771767845508
19;31800;ASH_COATED_OSMIUM;9993.0;13.0;9990.0;22.0;;;10009.0;13.0;10011.0;22.0;;;10001.0;0.0;-10.326171875;10001.0;10000.5;10000.5;9996.061504557638;-4.938495442362182
19;31900;ASH_COATED_OSMIUM;9993.0;11.0;9990.0;26.0;;;10009.0;11.0;10011.0;26.0;;;10001.0;0.0;-10.1162109375;10001.0;10000.5;10000.5;9996.25233008449;-4.747669915510414
19;31900;INTARIAN_PEPPER_ROOT;12025.0;11.0;12022.0;19.0;;;12038.0;11.0;;;;;12031.5;0.0;0.0;12031.5;12030.0;12030.0;9995.902853102174;-2035.597146897826
19;32000;INTARIAN_PEPPER_ROOT;12025.0;11.0;12022.0;20.0;;;12039.0;11.0;12042.0;20.0;;;12032.0;0.0;0.0;12032.0;12032.0;12032.0;9995.460182257908;-2036.539817742092
19;32000;ASH_COATED_OSMIUM;9993.0;15.0;9990.0;20.0;;;10009.0;15.0;10011.0;20.0;;;10001.0;0.0;-10.0234375;10001.0;10000.5;10000.5;9995.324829267933;-5.675170732067272
19;32100;ASH_COATED_OSMIUM;9991.0;25.0;;;;;10009.0;12.0;10012.0;25.0;;;10000.0;0.0;-9.724609375;10000.0;10001.5;10001.5;9995.496794132247;-4.503205867753422
19;32100;INTARIAN_PEPPER_ROOT;12026.0;8.0;;;;;12039.0;8.0;;;;;12032.5;0.0;0.0;12032.5;12032.5;12032.5;9995.827410452024;-2036.6725895479758
19;32200;INTARIAN_PEPPER_ROOT;12026.0;9.0;12023.0;24.0;;;12039.0;9.0;12042.0;24.0;;;12032.5;0.0;0.0;12032.5;12032.5;12032.5;9995.771937915148;-2036.7280620848524
19;32200;ASH_COATED_OSMIUM;9999.0;2.0;9994.0;13.0;9991.0;24.0;10010.0;13.0;10012.0;24.0;;;10004.5;0.0;-9.482421875;10004.5;10001.5;10001.5;9995.68207240541;-8.817927594589491
19;32300;ASH_COATED_OSMIUM;9993.0;13.0;9991.0;30.0;;;10009.0;13.0;10012.0;30.0;;;10001.0;0.0;-9.6416015625;10001.0;10001.5;10001.5;9995.740873294499;-5.25912670550133
19;32300;INTARIAN_PEPPER_ROOT;12026.0;9.0;12023.0;21.0;;;12042.0;21.0;;;;;12034.0;0.0;0.0;12034.0;12032.5;12032.5;9995.842942762349;-2038.1570572376513
