day;timestamp;product;bid_price_1;bid_volume_1;bid_price_2;bid_volume_2;bid_price_3;bid_volume_3;ask_price_1;ask_volume_1;ask_price_2;ask_volume_2;ask_price_3;ask_volume_3;mid_price;profit_and_loss
119;0;INTARIAN_PEPPER_ROOT;12990;20;;;;;13007;11;13010;20;;;12998.5;0.0
119;0;ASH_COATED_OSMIUM;9998;23;;;;;10016;13;;;;;10007.0;0.0
119;100;INTARIAN_PEPPER_ROOT;12993;12;12990;20;;;13010;20;;;;;13001.5;0.0
119;100;ASH_COATED_OSMIUM;10000;15;9998;21;;;10019;21;;;;;10009.5;0.0
119;200;ASH_COATED_OSMIUM;10000;14;9998;21;;;10019;21;;;;;10009.5;0.0
119;200;INTARIAN_PEPPER_ROOT;12990;21;;;;;13007;10;13010;21;;;12998.5;0.0
119;300;INTARIAN_PEPPER_ROOT;12993;11;12990;18;;;13007;11;;;;;13000.0;0.0
119;300;ASH_COATED_OSMIUM;10006;4;10000;15;9998;26;10016;15;10019;26;;;10011.0;0.0
119;400;INTARIAN_PEPPER_ROOT;;;;;;;13007;9;13011;23;;;13007.0;0.0
119;400;ASH_COATED_OSMIUM;10000;10;9998;26;;;10016;10;10019;26;;;10008.0;0.0
119;500;INTARIAN_PEPPER_ROOT;12993;10;12990;17;;;13007;10;13011;17;;;13000.0;0.0
119;500;ASH_COATED_OSMIUM;10000;13;9998;23;;;10017;13;10019;23;;;10008.5;0.0
119;600;ASH_COATED_OSMIUM;10000;15;;;;;10016;15;;;;;10008.0;0.0
119;600;INTARIAN_PEPPER_ROOT;12994;12;12990;17;;;13008;12;;;;;13001.0;0.0
119;700;INTARIAN_PEPPER_ROOT;12994;12;12990;15;;;13008;12;13011;15;;;13001.0;0.0
119;700;ASH_COATED_OSMIUM;10000;11;;;;;;;;;;;10000.0;0.0
119;800;INTARIAN_PEPPER_ROOT;;;;;;;13011;20;;;;;13011.0;0.0
119;800;ASH_COATED_OSMIUM;9998;24;;;;;10017;13;10019;24;;;10007.5;0.0
119;900;INTARIAN_PEPPER_ROOT;12994;11;12991;22;;;13008;11;13011;22;;;13001.0;0.0
119;900;ASH_COATED_OSMIUM;10001;12;9998;20;;;10017;12;10019;20;;;10009.0;0.0
119;1000;ASH_COATED_OSMIUM;10001;14;9998;30;;;10019;30;;;;;10010.0;0.0
119;1000;INTARIAN_PEPPER_ROOT;12994;12;12991;15;;;13008;12;13011;15;;;13001.0;0.0
119;1100;INTARIAN_PEPPER_ROOT;12994;8;12991;25;;;;;;;;;12994.0;0.0
119;1100;ASH_COATED_OSMIUM;;;;;;;10017;15;10019;21;;;10017.0;0.0
119;1200;INTARIAN_PEPPER_ROOT;12994;9;12991;15;;;13011;15;;;;;13002.5;0.0
119;1200;ASH_COATED_OSMIUM;;;;;;;10017;10;10019;22;;;10017.0;0.0
119;1300;INTARIAN_PEPPER_ROOT;12994;11;;;;;13008;11;13012;20;;;13001.0;0.0
119;1300;ASH_COATED_OSMIUM;10001;11;9999;25;;;10017;11;10020;25;;;10009.0;0.0
119;1400;ASH_COATED_OSMIUM;10001;13;9999;23;;;10017;13;10020;23;;;10009.0;0.0
119;1400;INTARIAN_PEPPER_ROOT;12994;10;12991;17;;;13008;10;;;;;13001.0;0.0
119;1500;INTARIAN_PEPPER_ROOT;12994;9;12991;25;;;13012;25;;;;;13003.0;0.0
119;1500;ASH_COATED_OSMIUM;10001;10;9999;20;;;10017;10;10020;20;;;10009.0;0.0
119;1600;INTARIAN_PEPPER_ROOT;12995;8;12991;18;;;13012;18;;;;;13003.5;0.0
119;1600;ASH_COATED_OSMIUM;10001;11;;;;;10020;28;;;;;10010.5;0.0
119;1700;INTARIAN_PEPPER_ROOT;12995;8;12991;24;;;;;;;;;12995.0;0.0
119;1700;ASH_COATED_OSMIUM;10001;12;9999;28;;;10018;12;10020;28;;;10009.5;0.0
119;1800;ASH_COATED_OSMIUM;10001;13;9999;23;;;10017;13;10020;23;;;10009.0;0.0
119;1800;INTARIAN_PEPPER_ROOT;12995;10;12992;18;;;13009;10;13012;18;;;13002.0;0.0
119;1900;INTARIAN_PEPPER_ROOT;12995;8;12992;24;;;13009;8;13012;24;;;13002.0;0.0
119;1900;ASH_COATED_OSMIUM;9999;30;;;;;10018;14;10020;30;;;10008.5;0.0
119;2000;INTARIAN_PEPPER_ROOT;12995;8;12992;16;;;13009;8;13012;16;;;13002.0;0.0
119;2000;ASH_COATED_OSMIUM;10002;15;10000;21;;;10018;15;;;;;10010.0;0.0
119;2100;INTARIAN_PEPPER_ROOT;12995;9;12992;21;;;;;;;;;12995.0;0.0
119;2100;ASH_COATED_OSMIUM;10000;26;;;;;10019;13;10021;26;;;10009.5;0.0
119;2200;INTARIAN_PEPPER_ROOT;12995;8;;;;;13009;8;13012;22;;;13002.0;0.0
119;2200;ASH_COATED_OSMIUM;10003;11;10000;20;;;;;;;;;10003.0;0.0
119;2300;ASH_COATED_OSMIUM;10003;11;;;;;10019;11;;;;;10011.0;0.0
119;2300;INTARIAN_PEPPER_ROOT;12995;10;12992;24;;;13009;10;13013;24;;;13002.0;0.0
119;2400;INTARIAN_PEPPER_ROOT;12995;9;12992;23;;;13009;9;13013;23;;;13002.0;0.0
119;2400;ASH_COATED_OSMIUM;10002;13;10000;20;;;10018;13;10021;20;;;10010.0;0.0
119;2500;INTARIAN_PEPPER_ROOT;12992;23;;;;;13010;9;13013;23;;;13001.0;0.0
119;2500;ASH_COATED_OSMIUM;10002;11;;;;;10018;11;10021;21;;;10010.0;0.0
119;2600;INTARIAN_PEPPER_ROOT;12992;23;;;;;13010;9;;;;;13001.0;0.0
119;2600;ASH_COATED_OSMIUM;9999;29;;;;;10018;10;10020;29;;;10008.5;0.0
119;2700;ASH_COATED_OSMIUM;10002;10;9999;21;;;10020;21;;;;;10011.0;0.0
119;2700;INTARIAN_PEPPER_ROOT;12996;10;12992;19;;;13010;10;;;;;13003.0;0.0
119;2800;INTARIAN_PEPPER_ROOT;12996;9;12993;17;;;13013;17;;;;;13004.5;0.0
119;2800;ASH_COATED_OSMIUM;10002;14;9999;27;;;10018;14;;;;;10010.0;0.0
119;2900;INTARIAN_PEPPER_ROOT;12996;11;;;;;13010;11;13013;19;;;13003.0;0.0
119;2900;ASH_COATED_OSMIUM;10001;12;9999;20;;;10017;12;10020;20;;;10009.0;0.0
119;3000;INTARIAN_PEPPER_ROOT;12996;12;12993;21;;;13010;12;13013;21;;;13003.0;0.0
119;3000;ASH_COATED_OSMIUM;10002;11;9999;29;;;10018;11;10020;29;;;10010.0;0.0
119;3100;ASH_COATED_OSMIUM;10001;13;;;;;10020;27;;;;;10010.5;0.0
119;3100;INTARIAN_PEPPER_ROOT;12993;21;;;;;13010;9;13013;21;;;13001.5;0.0
119;3200;INTARIAN_PEPPER_ROOT;12996;10;;;;;13010;10;13013;20;;;13003.0;0.0
119;3200;ASH_COATED_OSMIUM;9999;24;;;;;10020;24;;;;;10009.5;0.0
119;3300;INTARIAN_PEPPER_ROOT;12996;9;12993;18;;;13014;18;;;;;13005.0;0.0
119;3300;ASH_COATED_OSMIUM;10001;10;9999;24;;;10017;10;;;;;10009.0;0.0
119;3400;INTARIAN_PEPPER_ROOT;12996;11;12993;23;;;13010;11;13014;23;;;13003.0;0.0
119;3400;ASH_COATED_OSMIUM;10011;6;10001;12;9999;27;10017;12;10020;27;;;10014.0;0.0
119;3500;ASH_COATED_OSMIUM;9999;26;;;;;10017;15;10020;26;;;10008.0;0.0
119;3500;INTARIAN_PEPPER_ROOT;12996;11;;;;;13014;15;;;;;13005.0;0.0
119;3600;ASH_COATED_OSMIUM;10001;14;9998;27;;;10017;14;10019;27;;;10009.0;0.0
119;3600;INTARIAN_PEPPER_ROOT;12997;8;12993;16;;;13011;8;;;;;13004.0;0.0
119;3700;INTARIAN_PEPPER_ROOT;12997;8;;;;;13014;18;;;;;13005.5;0.0
119;3700;ASH_COATED_OSMIUM;10000;10;9998;25;;;10016;10;10019;25;;;10008.0;0.0
119;3800;ASH_COATED_OSMIUM;9998;24;;;;;10017;10;10019;24;;;10007.5;0.0
119;3800;INTARIAN_PEPPER_ROOT;12997;10;;;;;13011;10;;;;;13004.0;0.0
119;3900;ASH_COATED_OSMIUM;10001;15;9998;24;;;10017;15;10019;24;;;10009.0;0.0
119;3900;INTARIAN_PEPPER_ROOT;12997;8;12994;25;;;13014;25;;;;;13005.5;0.0
119;4000;ASH_COATED_OSMIUM;10000;11;9998;30;;;10016;11;10019;30;;;10008.0;0.0
119;4000;INTARIAN_PEPPER_ROOT;12997;10;12994;20;;;13011;10;13014;20;;;13004.0;0.0
119;4100;INTARIAN_PEPPER_ROOT;12997;8;12994;15;;;13011;8;13014;15;;;13004.0;0.0
119;4100;ASH_COATED_OSMIUM;10000;10;9998;22;;;;;;;;;10000.0;0.0
119;4200;ASH_COATED_OSMIUM;9998;28;;;;;10019;28;;;;;10008.5;0.0
119;4200;INTARIAN_PEPPER_ROOT;12994;17;;;;;13011;9;;;;;13002.5;0.0
119;4300;ASH_COATED_OSMIUM;;;;;;;10017;10;10020;26;;;10017.0;0.0
119;4300;INTARIAN_PEPPER_ROOT;12994;16;;;;;13015;16;;;;;13004.5;0.0
119;4400;INTARIAN_PEPPER_ROOT;12997;9;12994;20;;;13015;20;;;;;13006.0;0.0
119;4400;ASH_COATED_OSMIUM;9999;28;;;;;10017;15;10020;28;;;10008.0;0.0
119;4500;INTARIAN_PEPPER_ROOT;12997;11;12994;16;;;13015;16;;;;;13006.0;0.0
119;4500;ASH_COATED_OSMIUM;10002;13;9999;26;;;10018;13;10020;26;;;10010.0;0.0
119;4600;INTARIAN_PEPPER_ROOT;12998;12;12994;20;;;13012;12;13015;20;;;13005.0;0.0
119;4600;ASH_COATED_OSMIUM;10002;15;9999;21;;;10018;15;10020;21;;;10010.0;0.0
119;4700;ASH_COATED_OSMIUM;10001;14;9999;26;;;10020;26;;;;;10010.5;0.0
119;4700;INTARIAN_PEPPER_ROOT;12998;10;12994;15;;;13015;15;;;;;13006.5;0.0
119;4800;INTARIAN_PEPPER_ROOT;;;;;;;13012;11;13015;23;;;13012.0;0.0
119;4800;ASH_COATED_OSMIUM;10006;3;10001;14;9998;22;10017;14;10019;22;;;10011.5;0.0
119;4900;INTARIAN_PEPPER_ROOT;12998;12;12995;18;;;13012;12;;;;;13005.0;0.0
119;4900;ASH_COATED_OSMIUM;9999;22;;;;;10017;12;10020;22;;;10008.0;0.0
119;5000;INTARIAN_PEPPER_ROOT;12998;8;12995;17;;;13012;8;13015;17;;;13005.0;0.0
119;5000;ASH_COATED_OSMIUM;10001;11;;;;;10017;11;;;;;10009.0;0.0
119;5100;ASH_COATED_OSMIUM;10001;11;9998;26;;;10006;4;10017;11;10019;26;10003.5;0.0
119;5100;INTARIAN_PEPPER_ROOT;12998;9;12995;24;;;13012;9;13015;24;;;13005.0;0.0
119;5200;INTARIAN_PEPPER_ROOT;12998;9;12995;18;;;13012;9;13015;18;;;13005.0;0.0
119;5200;ASH_COATED_OSMIUM;10001;13;9998;23;;;10017;13;10019;23;;;10009.0;0.0
119;5300;INTARIAN_PEPPER_ROOT;12998;12;12995;25;;;13016;25;;;;;13007.0;0.0
119;5300;ASH_COATED_OSMIUM;10001;10;9999;22;;;10017;10;10020;22;;;10009.0;0.0
119;5400;INTARIAN_PEPPER_ROOT;12998;10;12995;25;;;13016;25;;;;;13007.0;0.0
119;5400;ASH_COATED_OSMIUM;9999;30;;;;;10020;30;;;;;10009.5;0.0
119;5500;ASH_COATED_OSMIUM;10001;15;;;;;10020;28;;;;;10010.5;0.0
119;5500;INTARIAN_PEPPER_ROOT;12998;12;12995;25;;;13016;25;;;;;13007.0;0.0
119;5600;INTARIAN_PEPPER_ROOT;12999;8;;;;;13013;8;13016;23;;;13006.0;0.0
119;5600;ASH_COATED_OSMIUM;9998;23;;;;;10017;13;10019;23;;;10007.5;0.0
119;5700;INTARIAN_PEPPER_ROOT;12995;23;;;;;13016;23;;;;;13005.5;0.0
119;5700;ASH_COATED_OSMIUM;10001;12;9998;30;;;10017;12;;;;;10009.0;0.0
119;5800;INTARIAN_PEPPER_ROOT;12999;8;12996;18;;;13016;18;;;;;13007.5;0.0
119;5800;ASH_COATED_OSMIUM;9999;28;;;;;10020;28;;;;;10009.5;0.0
119;5900;ASH_COATED_OSMIUM;10002;12;9999;21;;;10018;12;10020;21;;;10010.0;0.0
119;5900;INTARIAN_PEPPER_ROOT;12999;11;12996;22;;;13013;11;;;;;13006.0;0.0
119;6000;INTARIAN_PEPPER_ROOT;12999;12;12996;24;;;13013;12;13016;24;;;13006.0;0.0
119;6000;ASH_COATED_OSMIUM;9999;30;;;;;10017;13;10020;30;;;10008.0;0.0
119;6100;INTARIAN_PEPPER_ROOT;13010;3;12999;11;12996;24;13013;11;;;;;13011.5;0.0
119;6100;ASH_COATED_OSMIUM;10001;14;9999;24;;;10020;24;;;;;10010.5;0.0
119;6200;INTARIAN_PEPPER_ROOT;12999;10;12996;15;;;13013;10;13016;15;;;13006.0;0.0
119;6200;ASH_COATED_OSMIUM;10001;12;9998;29;;;10017;12;10019;29;;;10009.0;0.0
119;6300;ASH_COATED_OSMIUM;10001;14;9998;22;;;10017;14;10019;22;;;10009.0;0.0
119;6300;INTARIAN_PEPPER_ROOT;12999;12;12996;16;;;13013;12;13017;16;;;13006.0;0.0
119;6400;INTARIAN_PEPPER_ROOT;12999;8;12996;21;;;13013;8;13017;21;;;13006.0;0.0
119;6400;ASH_COATED_OSMIUM;10001;14;9998;23;;;10019;23;;;;;10010.0;0.0
119;6500;INTARIAN_PEPPER_ROOT;12999;10;;;;;13014;10;13017;17;;;13006.5;0.0
119;6500;ASH_COATED_OSMIUM;10001;12;9999;22;;;10007;4;10017;12;10020;22;10004.0;0.0
119;6600;ASH_COATED_OSMIUM;;;;;;;10017;13;;;;;10017.0;0.0
119;6600;INTARIAN_PEPPER_ROOT;13000;11;12996;23;;;13014;11;13017;23;;;13007.0;0.0
119;6700;ASH_COATED_OSMIUM;10001;12;9998;30;;;10019;30;;;;;10010.0;0.0
119;6700;INTARIAN_PEPPER_ROOT;13000;10;12996;19;;;13014;10;;;;;13007.0;0.0
119;6800;ASH_COATED_OSMIUM;10001;12;9998;29;;;10017;12;10019;29;;;10009.0;0.0
119;6800;INTARIAN_PEPPER_ROOT;13000;8;12997;20;;;13014;8;;;;;13007.0;0.0
119;6900;INTARIAN_PEPPER_ROOT;13000;8;12997;20;;;13014;8;13017;20;;;13007.0;0.0
119;6900;ASH_COATED_OSMIUM;10001;11;9998;27;;;10017;11;10019;27;;;10009.0;0.0
119;7000;ASH_COATED_OSMIUM;9998;30;;;;;10019;30;;;;;10008.5;0.0
119;7000;INTARIAN_PEPPER_ROOT;13000;10;12997;23;;;13014;10;13017;23;;;13007.0;0.0
119;7100;ASH_COATED_OSMIUM;10010;9;10000;11;;;10016;11;10019;30;;;10013.0;0.0
119;7100;INTARIAN_PEPPER_ROOT;13000;12;12997;23;;;13014;12;13017;23;;;13007.0;0.0
119;7200;ASH_COATED_OSMIUM;10001;13;9998;22;;;10017;13;10019;22;;;10009.0;0.0
119;7200;INTARIAN_PEPPER_ROOT;13000;11;12997;22;;;13017;22;;;;;13008.5;0.0
119;7300;INTARIAN_PEPPER_ROOT;13000;12;12997;16;;;13014;12;13018;16;;;13007.0;0.0
119;7300;ASH_COATED_OSMIUM;10001;10;;;;;10017;10;10019;25;;;10009.0;0.0
119;7400;ASH_COATED_OSMIUM;10001;12;9998;22;;;10017;12;10019;22;;;10009.0;0.0
119;7400;INTARIAN_PEPPER_ROOT;13000;8;12997;17;;;13014;8;13018;17;;;13007.0;0.0
119;7500;ASH_COATED_OSMIUM;9998;29;;;;;10017;13;10019;29;;;10007.5;0.0
119;7500;INTARIAN_PEPPER_ROOT;13000;10;12997;21;;;13015;10;;;;;13007.5;0.0
119;7600;ASH_COATED_OSMIUM;10001;13;9999;27;;;10017;13;10020;27;;;10009.0;0.0
119;7600;INTARIAN_PEPPER_ROOT;;;;;;;13018;17;;;;;13018.0;0.0
119;7700;INTARIAN_PEPPER_ROOT;13001;10;12997;23;;;13015;10;13018;23;;;13008.0;0.0
119;7700;ASH_COATED_OSMIUM;10001;14;9998;25;;;10017;14;;;;;10009.0;0.0
119;7800;ASH_COATED_OSMIUM;10000;15;;;;;10016;15;10019;23;;;10008.0;0.0
119;7800;INTARIAN_PEPPER_ROOT;13001;9;12998;18;;;13015;9;13018;18;;;13008.0;0.0
119;7900;ASH_COATED_OSMIUM;10000;10;9998;22;;;10016;10;;;;;10008.0;0.0
119;7900;INTARIAN_PEPPER_ROOT;13001;8;12998;15;;;13015;8;13018;15;;;13008.0;0.0
119;8000;ASH_COATED_OSMIUM;10000;13;;;;;10018;28;;;;;10009.0;0.0
119;8000;INTARIAN_PEPPER_ROOT;13001;10;12998;20;;;13018;20;;;;;13009.5;0.0
119;8100;ASH_COATED_OSMIUM;10000;12;9998;25;;;10016;12;;;;;10008.0;0.0
119;8100;INTARIAN_PEPPER_ROOT;13001;8;12998;15;;;13015;8;;;;;13008.0;0.0
119;8200;INTARIAN_PEPPER_ROOT;12998;25;;;;;13015;12;13018;25;;;13006.5;0.0
119;8200;ASH_COATED_OSMIUM;10000;10;9997;25;;;10016;10;;;;;10008.0;0.0
119;8300;ASH_COATED_OSMIUM;9998;28;;;;;10019;28;;;;;10008.5;0.0
119;8300;INTARIAN_PEPPER_ROOT;13001;10;12998;22;;;13015;10;13019;22;;;13008.0;0.0
119;8400;ASH_COATED_OSMIUM;10007;3;9999;29;;;10017;11;10020;29;;;10012.0;0.0
119;8400;INTARIAN_PEPPER_ROOT;13005;8;13001;10;12998;21;13015;10;13019;21;;;13010.0;0.0
119;8500;ASH_COATED_OSMIUM;10001;14;9998;25;;;10019;25;;;;;10010.0;0.0
119;8500;INTARIAN_PEPPER_ROOT;13001;9;12998;24;;;13016;9;13019;24;;;13008.5;0.0
119;8600;INTARIAN_PEPPER_ROOT;13002;11;12998;18;;;13016;11;13019;18;;;13009.0;0.0
119;8600;ASH_COATED_OSMIUM;10001;13;9998;27;;;10017;13;10019;27;;;10009.0;0.0
119;8700;INTARIAN_PEPPER_ROOT;13002;12;12998;23;;;13016;12;;;;;13009.0;0.0
119;8700;ASH_COATED_OSMIUM;;;;;;;10019;22;;;;;10019.0;0.0
119;8800;ASH_COATED_OSMIUM;10000;10;9998;30;;;10016;10;10019;30;;;10008.0;0.0
119;8800;INTARIAN_PEPPER_ROOT;13002;8;12999;16;;;13016;8;13019;16;;;13009.0;0.0
119;8900;INTARIAN_PEPPER_ROOT;13002;12;12999;25;;;13019;25;;;;;13010.5;0.0
119;8900;ASH_COATED_OSMIUM;9998;26;;;;;10019;26;;;;;10008.5;0.0
119;9000;INTARIAN_PEPPER_ROOT;12999;21;;;;;13016;8;13019;21;;;13007.5;0.0
119;9000;ASH_COATED_OSMIUM;10001;10;9998;23;;;10017;10;10019;23;;;10009.0;0.0
119;9100;INTARIAN_PEPPER_ROOT;;;;;;;13016;8;13019;17;;;13016.0;0.0
119;9100;ASH_COATED_OSMIUM;10000;15;9998;22;;;10016;15;10019;22;;;10008.0;0.0
119;9200;ASH_COATED_OSMIUM;9998;25;;;;;10016;14;;;;;10007.0;0.0
119;9200;INTARIAN_PEPPER_ROOT;13002;11;12999;24;;;13016;11;13019;24;;;13009.0;0.0
119;9300;INTARIAN_PEPPER_ROOT;12999;18;;;;;13016;9;13020;18;;;13007.5;0.0
119;9300;ASH_COATED_OSMIUM;10000;13;;;;;10016;13;10019;29;;;10008.0;0.0
119;9400;INTARIAN_PEPPER_ROOT;13013;8;13002;11;12999;18;13016;11;13020;18;;;13014.5;0.0
119;9400;ASH_COATED_OSMIUM;10000;15;9998;28;;;10010;4;10019;28;;;10005.0;0.0
119;9500;INTARIAN_PEPPER_ROOT;13002;9;;;;;13020;24;;;;;13011.0;0.0
119;9500;ASH_COATED_OSMIUM;9999;14;9997;24;;;10018;24;;;;;10008.5;0.0
119;9600;ASH_COATED_OSMIUM;9999;12;9997;20;;;10018;20;;;;;10008.5;0.0
119;9600;INTARIAN_PEPPER_ROOT;13003;10;12999;21;;;13017;10;13020;21;;;13010.0;0.0
119;9700;INTARIAN_PEPPER_ROOT;13003;12;12999;18;;;13017;12;13020;18;;;13010.0;0.0
119;9700;ASH_COATED_OSMIUM;9999;12;9997;30;;;10015;12;10018;30;;;10007.0;0.0
119;9800;INTARIAN_PEPPER_ROOT;13003;9;13000;15;;;13017;9;13020;15;;;13010.0;0.0
119;9800;ASH_COATED_OSMIUM;9999;15;9997;24;;;10015;15;10018;24;;;10007.0;0.0
119;9900;INTARIAN_PEPPER_ROOT;13003;11;13000;25;;;13017;11;13020;25;;;13010.0;0.0
119;9900;ASH_COATED_OSMIUM;10008;5;9996;24;;;;;;;;;10008.0;0.0
119;10000;ASH_COATED_OSMIUM;9999;14;9997;27;;;10015;14;10018;27;;;10007.0;0.0
119;10000;INTARIAN_PEPPER_ROOT;13003;11;13000;19;;;13017;11;13020;19;;;13010.0;0.0
119;10100;INTARIAN_PEPPER_ROOT;13000;15;;;;;13017;10;13020;15;;;13008.5;0.0
119;10100;ASH_COATED_OSMIUM;9999;15;9996;20;;;10015;15;10017;20;;;10007.0;0.0
119;10200;INTARIAN_PEPPER_ROOT;13003;12;;;;;13017;12;13020;25;;;13010.0;0.0
119;10200;ASH_COATED_OSMIUM;9999;12;;;;;10015;12;10018;20;;;10007.0;0.0
119;10300;INTARIAN_PEPPER_ROOT;13003;9;13000;19;;;13017;9;13021;19;;;13010.0;0.0
119;10300;ASH_COATED_OSMIUM;10000;11;9997;24;;;10018;24;;;;;10009.0;0.0
119;10400;ASH_COATED_OSMIUM;10000;11;;;;;10016;11;10018;25;;;10008.0;0.0
119;10400;INTARIAN_PEPPER_ROOT;13003;9;13000;20;;;13017;9;13021;20;;;13010.0;0.0
119;10500;INTARIAN_PEPPER_ROOT;13003;9;13000;21;;;13018;9;;;;;13010.5;0.0
119;10500;ASH_COATED_OSMIUM;9999;14;9997;26;;;10015;14;10018;26;;;10007.0;0.0
119;10600;INTARIAN_PEPPER_ROOT;13004;11;13000;18;;;13018;11;13021;18;;;13011.0;0.0
119;10600;ASH_COATED_OSMIUM;10000;10;9997;20;;;10016;10;10018;20;;;10008.0;0.0
119;10700;INTARIAN_PEPPER_ROOT;13004;10;13000;22;;;13018;10;13021;22;;;13011.0;0.0
119;10700;ASH_COATED_OSMIUM;9997;24;;;;;10018;24;;;;;10007.5;0.0
119;10800;ASH_COATED_OSMIUM;9999;10;9996;23;;;10015;10;;;;;10007.0;0.0
119;10800;INTARIAN_PEPPER_ROOT;13004;12;13001;22;;;13018;12;13021;22;;;13011.0;0.0
119;10900;ASH_COATED_OSMIUM;9999;15;9996;22;;;10015;15;10017;22;;;10007.0;0.0
119;10900;INTARIAN_PEPPER_ROOT;13008;7;13001;25;;;13018;9;13021;25;;;13013.0;0.0
119;11000;INTARIAN_PEPPER_ROOT;13004;10;13001;19;;;13018;10;;;;;13011.0;0.0
119;11000;ASH_COATED_OSMIUM;9998;10;9995;26;;;;;;;;;9998.0;0.0
119;11100;INTARIAN_PEPPER_ROOT;13004;8;13001;19;;;13018;8;13021;19;;;13011.0;0.0
119;11100;ASH_COATED_OSMIUM;9998;14;9995;30;;;10014;14;10016;30;;;10006.0;0.0
119;11200;INTARIAN_PEPPER_ROOT;13001;23;;;;;13018;9;13021;23;;;13009.5;0.0
119;11200;ASH_COATED_OSMIUM;9995;28;;;;;10016;28;;;;;10005.5;0.0
119;11300;ASH_COATED_OSMIUM;9997;13;9995;25;;;10013;13;10016;25;;;10005.0;0.0
119;11300;INTARIAN_PEPPER_ROOT;13004;9;13001;18;;;13018;9;13022;18;;;13011.0;0.0
119;11400;INTARIAN_PEPPER_ROOT;13004;10;13001;23;;;13018;10;13022;23;;;13011.0;0.0
119;11400;ASH_COATED_OSMIUM;9997;15;9995;30;;;10016;30;;;;;10006.5;0.0
119;11500;INTARIAN_PEPPER_ROOT;13001;24;;;;;13019;11;13022;24;;;13010.0;0.0
119;11500;ASH_COATED_OSMIUM;9997;10;9994;28;;;10013;10;10015;28;;;10005.0;0.0
119;11600;INTARIAN_PEPPER_ROOT;13005;12;13001;15;;;13019;12;13022;15;;;13012.0;0.0
119;11600;ASH_COATED_OSMIUM;9995;22;;;;;10013;13;10016;22;;;10004.0;0.0
119;11700;ASH_COATED_OSMIUM;9998;15;9995;20;;;10014;15;;;;;10006.0;0.0
119;11700;INTARIAN_PEPPER_ROOT;13005;11;13001;18;;;13022;18;;;;;13013.5;0.0
119;11800;INTARIAN_PEPPER_ROOT;13005;11;;;;;13019;11;13022;17;;;13012.0;0.0
119;11800;ASH_COATED_OSMIUM;;;;;;;10013;14;;;;;10013.0;0.0
119;11900;INTARIAN_PEPPER_ROOT;13005;8;13002;23;;;13019;8;13022;23;;;13012.0;0.0
119;11900;ASH_COATED_OSMIUM;9997;10;9994;22;;;10013;10;10015;22;;;10005.0;0.0
119;12000;INTARIAN_PEPPER_ROOT;13005;9;;;;;13019;9;13022;25;;;13012.0;0.0
119;12000;ASH_COATED_OSMIUM;9997;10;9994;27;;;10013;10;10015;27;;;10005.0;0.0
119;12100;ASH_COATED_OSMIUM;9998;15;9995;23;;;10016;23;;;;;10007.0;0.0
119;12100;INTARIAN_PEPPER_ROOT;13005;10;13002;20;;;13019;10;;;;;13012.0;0.0
119;12200;INTARIAN_PEPPER_ROOT;13002;17;;;;;13019;12;13022;17;;;13010.5;0.0
119;12200;ASH_COATED_OSMIUM;9997;12;9995;23;;;10016;23;;;;;10006.5;0.0
119;12300;INTARIAN_PEPPER_ROOT;;;;;;;13019;9;13023;21;;;13019.0;0.0
119;12300;ASH_COATED_OSMIUM;9997;13;9995;24;;;10013;13;;;;;10005.0;0.0
119;12400;ASH_COATED_OSMIUM;9995;29;;;;;10013;13;;;;;10004.0;0.0
119;12400;INTARIAN_PEPPER_ROOT;13002;15;;;;;13019;8;13023;15;;;13010.5;0.0
119;12500;ASH_COATED_OSMIUM;9997;10;9994;22;;;10013;10;10015;22;;;10005.0;0.0
119;12500;INTARIAN_PEPPER_ROOT;13005;12;13002;23;;;13023;23;;;;;13014.0;0.0
119;12600;ASH_COATED_OSMIUM;9997;15;;;;;10013;15;10015;26;;;10005.0;0.0
119;12600;INTARIAN_PEPPER_ROOT;13002;23;;;;;13020;10;13023;23;;;13011.0;0.0
119;12700;INTARIAN_PEPPER_ROOT;13006;8;13002;21;;;13020;8;;;;;13013.0;0.0
119;12700;ASH_COATED_OSMIUM;9994;27;;;;;10013;12;10015;27;;;10003.5;0.0
119;12800;ASH_COATED_OSMIUM;9997;13;;;;;10013;13;10015;28;;;10005.0;0.0
119;12800;INTARIAN_PEPPER_ROOT;13003;22;;;;;;;;;;;13003.0;0.0
119;12900;ASH_COATED_OSMIUM;9997;12;9994;21;;;10013;12;10015;21;;;10005.0;0.0
119;12900;INTARIAN_PEPPER_ROOT;13006;12;13003;23;;;13020;12;13023;23;;;13013.0;0.0
119;13000;ASH_COATED_OSMIUM;9997;12;;;;;10015;30;;;;;10006.0;0.0
119;13000;INTARIAN_PEPPER_ROOT;13006;8;13003;17;;;13020;8;13023;17;;;13013.0;0.0
119;13100;INTARIAN_PEPPER_ROOT;13003;24;;;;;13020;12;;;;;13011.5;0.0
119;13100;ASH_COATED_OSMIUM;9997;12;9995;21;;;10013;12;10016;21;;;10005.0;0.0
119;13200;INTARIAN_PEPPER_ROOT;13006;9;13003;21;;;13020;9;13023;21;;;13013.0;0.0
119;13200;ASH_COATED_OSMIUM;9994;29;;;;;10013;12;10015;29;;;10003.5;0.0
119;13300;ASH_COATED_OSMIUM;9997;12;9994;22;;;10013;12;;;;;10005.0;0.0
119;13300;INTARIAN_PEPPER_ROOT;13003;15;;;;;13020;8;13024;15;;;13011.5;0.0
119;13400;INTARIAN_PEPPER_ROOT;13006;8;13003;20;;;13020;8;13024;20;;;13013.0;0.0
119;13400;ASH_COATED_OSMIUM;9996;13;9994;26;;;10012;13;10015;26;;;10004.0;0.0
119;13500;INTARIAN_PEPPER_ROOT;13006;9;13003;16;;;13021;9;13024;16;;;13013.5;0.0
119;13500;ASH_COATED_OSMIUM;9996;14;;;;;10012;14;10015;24;;;10004.0;0.0
119;13600;INTARIAN_PEPPER_ROOT;13007;9;13003;21;;;13021;9;13024;21;;;13014.0;0.0
119;13600;ASH_COATED_OSMIUM;9997;10;9994;24;;;10015;24;;;;;10006.0;0.0
119;13700;ASH_COATED_OSMIUM;9996;14;9994;28;;;10012;14;10015;28;;;10004.0;0.0
119;13700;INTARIAN_PEPPER_ROOT;13007;8;13003;22;;;13021;8;13024;22;;;13014.0;0.0
119;13800;INTARIAN_PEPPER_ROOT;13007;11;13004;19;;;13024;19;;;;;13015.5;0.0
119;13800;ASH_COATED_OSMIUM;9996;11;9994;23;;;10012;11;10015;23;;;10004.0;0.0
119;13900;INTARIAN_PEPPER_ROOT;13007;8;13004;15;;;13021;8;13024;15;;;13014.0;0.0
119;13900;ASH_COATED_OSMIUM;9996;11;9993;20;;;10012;11;10014;20;;;10004.0;0.0
119;14000;INTARIAN_PEPPER_ROOT;13007;12;;;;;13021;12;13024;17;;;13014.0;0.0
119;14000;ASH_COATED_OSMIUM;9996;12;;;;;10012;12;10015;28;;;10004.0;0.0
119;14100;ASH_COATED_OSMIUM;9996;14;9994;20;;;;;;;;;9996.0;0.0
119;14100;INTARIAN_PEPPER_ROOT;13007;11;13004;17;;;13021;11;13024;17;;;13014.0;0.0
119;14200;INTARIAN_PEPPER_ROOT;13007;9;13004;24;;;13021;9;13024;24;;;13014.0;0.0
119;14200;ASH_COATED_OSMIUM;10002;4;9996;13;9994;21;10012;13;10015;21;;;10007.0;0.0
119;14300;INTARIAN_PEPPER_ROOT;13018;6;13007;12;;;13021;12;13025;25;;;13019.5;0.0
119;14300;ASH_COATED_OSMIUM;9996;15;9994;21;;;10012;15;;;;;10004.0;0.0
119;14400;INTARIAN_PEPPER_ROOT;13007;8;13004;23;;;13021;8;13025;23;;;13014.0;0.0
119;14400;ASH_COATED_OSMIUM;9996;10;9994;21;;;10006;4;10012;10;;;10001.0;0.0
119;14500;ASH_COATED_OSMIUM;9996;10;;;;;10012;10;10015;28;;;10004.0;0.0
119;14500;INTARIAN_PEPPER_ROOT;13004;25;;;;;;;;;;;13004.0;0.0
119;14600;INTARIAN_PEPPER_ROOT;13004;23;;;;;13025;23;;;;;13014.5;0.0
119;14600;ASH_COATED_OSMIUM;9996;10;9993;27;;;10012;10;;;;;10004.0;0.0
119;14700;INTARIAN_PEPPER_ROOT;13008;8;;;;;13022;8;13025;16;;;13015.0;0.0
119;14700;ASH_COATED_OSMIUM;9993;23;;;;;10012;13;10014;23;;;10002.5;0.0
119;14800;INTARIAN_PEPPER_ROOT;;;;;;;13022;9;13025;21;;;13022.0;0.0
119;14800;ASH_COATED_OSMIUM;9995;15;9993;30;;;10011;15;;;;;10003.0;0.0
119;14900;ASH_COATED_OSMIUM;9996;15;9993;25;;;10012;15;10014;25;;;10004.0;0.0
119;14900;INTARIAN_PEPPER_ROOT;13008;9;13005;21;;;13022;9;13025;21;;;13015.0;0.0
119;15000;INTARIAN_PEPPER_ROOT;13008;9;13005;25;;;;;;;;;13008.0;0.0
119;15000;ASH_COATED_OSMIUM;9996;13;;;;;10012;13;10015;25;;;10004.0;0.0
119;15100;INTARIAN_PEPPER_ROOT;13005;21;;;;;13022;9;13025;21;;;13013.5;0.0
119;15100;ASH_COATED_OSMIUM;9997;12;9994;20;;;10013;12;10015;20;;;10005.0;0.0
119;15200;INTARIAN_PEPPER_ROOT;13008;9;13005;22;;;13022;9;13025;22;;;13015.0;0.0
119;15200;ASH_COATED_OSMIUM;9995;21;;;;;10013;15;10016;21;;;10004.0;0.0
119;15300;ASH_COATED_OSMIUM;9994;22;;;;;10015;22;;;;;10004.5;0.0
119;15300;INTARIAN_PEPPER_ROOT;13008;9;13005;17;;;13022;9;13026;17;;;13015.0;0.0
119;15400;ASH_COATED_OSMIUM;9998;11;;;;;10014;11;10016;30;;;10006.0;0.0
119;15400;INTARIAN_PEPPER_ROOT;13008;11;13005;18;;;13022;11;;;;;13015.0;0.0
119;15500;INTARIAN_PEPPER_ROOT;13008;8;13005;21;;;13023;8;13026;21;;;13015.5;0.0
119;15500;ASH_COATED_OSMIUM;9995;25;;;;;10014;10;10016;25;;;10004.5;0.0
119;15600;ASH_COATED_OSMIUM;9998;10;9995;22;;;10014;10;10016;22;;;10006.0;0.0
119;15600;INTARIAN_PEPPER_ROOT;13009;10;13005;21;;;13023;10;13026;21;;;13016.0;0.0
119;15700;ASH_COATED_OSMIUM;9998;15;9995;28;;;10014;15;10016;28;;;10006.0;0.0
119;15700;INTARIAN_PEPPER_ROOT;13009;10;13005;17;;;13026;17;;;;;13017.5;0.0
119;15800;ASH_COATED_OSMIUM;9995;26;;;;;10013;12;10016;26;;;10004.0;0.0
119;15800;INTARIAN_PEPPER_ROOT;13013;7;13009;8;13006;25;13023;8;13026;25;;;13018.0;0.0
119;15900;INTARIAN_PEPPER_ROOT;13009;8;13006;19;;;13023;8;;;;;13016.0;0.0
119;15900;ASH_COATED_OSMIUM;9998;14;9995;20;;;10007;3;10014;14;10016;20;10002.5;0.0
119;16000;ASH_COATED_OSMIUM;9995;20;;;;;10013;11;10016;20;;;10004.0;0.0
119;16000;INTARIAN_PEPPER_ROOT;13006;23;;;;;13023;8;13026;23;;;13014.5;0.0
119;16100;ASH_COATED_OSMIUM;9997;13;;;;;10007;2;10013;13;;;10002.0;0.0
119;16100;INTARIAN_PEPPER_ROOT;13009;11;;;;;13023;11;13026;17;;;13016.0;0.0
119;16200;ASH_COATED_OSMIUM;9998;15;;;;;10016;27;;;;;10007.0;0.0
119;16200;INTARIAN_PEPPER_ROOT;13009;11;;;;;13023;11;13026;18;;;13016.0;0.0
119;16300;INTARIAN_PEPPER_ROOT;13009;10;13006;22;;;13023;10;;;;;13016.0;0.0
119;16300;ASH_COATED_OSMIUM;9995;21;;;;;10014;11;10016;21;;;10004.5;0.0
119;16400;ASH_COATED_OSMIUM;9998;12;9995;25;;;10016;25;;;;;10007.0;0.0
119;16400;INTARIAN_PEPPER_ROOT;13009;10;13006;20;;;13023;10;13027;20;;;13016.0;0.0
119;16500;ASH_COATED_OSMIUM;9998;13;9995;22;;;10014;13;10016;22;;;10006.0;0.0
119;16500;INTARIAN_PEPPER_ROOT;13009;8;13006;24;;;13027;24;;;;;13018.0;0.0
119;16600;ASH_COATED_OSMIUM;9998;12;9995;26;;;10014;12;10016;26;;;10006.0;0.0
119;16600;INTARIAN_PEPPER_ROOT;13010;10;13006;22;;;13024;10;13027;22;;;13017.0;0.0
119;16700;INTARIAN_PEPPER_ROOT;13010;8;13006;22;;;13027;22;;;;;13018.5;0.0
119;16700;ASH_COATED_OSMIUM;;;;;;;;;;;;;0.0;0.0
119;16800;ASH_COATED_OSMIUM;10008;7;9996;25;;;10014;13;10017;25;;;10011.0;0.0
119;16800;INTARIAN_PEPPER_ROOT;13010;8;13007;16;;;13024;8;13027;16;;;13017.0;0.0
119;16900;ASH_COATED_OSMIUM;9999;11;9996;22;;;10015;11;10017;22;;;10007.0;0.0
119;16900;INTARIAN_PEPPER_ROOT;13010;11;;;;;13024;11;13027;18;;;13017.0;0.0
119;17000;ASH_COATED_OSMIUM;9996;25;;;;;10014;10;10017;25;;;10005.0;0.0
119;17000;INTARIAN_PEPPER_ROOT;13010;8;;;;;13027;21;;;;;13018.5;0.0
119;17100;ASH_COATED_OSMIUM;9998;12;9996;26;;;10014;12;;;;;10006.0;0.0
119;17100;INTARIAN_PEPPER_ROOT;13010;10;13007;21;;;13027;21;;;;;13018.5;0.0
119;17200;INTARIAN_PEPPER_ROOT;13010;10;13007;17;;;13024;10;;;;;13017.0;0.0
119;17200;ASH_COATED_OSMIUM;9998;12;9995;27;;;10014;12;10016;27;;;10006.0;0.0
119;17300;ASH_COATED_OSMIUM;9998;14;;;;;10014;14;10016;27;;;10006.0;0.0
119;17300;INTARIAN_PEPPER_ROOT;13010;11;13007;24;;;13024;11;13028;24;;;13017.0;0.0
119;17400;ASH_COATED_OSMIUM;9997;13;;;;;10013;13;10016;25;;;10005.0;0.0
119;17400;INTARIAN_PEPPER_ROOT;13010;8;13007;16;;;13024;8;13028;16;;;13017.0;0.0
119;17500;ASH_COATED_OSMIUM;9997;14;9995;26;;;10013;14;;;;;10005.0;0.0
119;17500;INTARIAN_PEPPER_ROOT;13010;12;13007;16;;;13025;12;13028;16;;;13017.5;0.0
119;17600;INTARIAN_PEPPER_ROOT;13011;12;;;;;13025;12;;;;;13018.0;0.0
119;17600;ASH_COATED_OSMIUM;9998;12;9995;29;;;10014;12;10016;29;;;10006.0;0.0
119;17700;INTARIAN_PEPPER_ROOT;13011;9;13007;16;;;;;;;;;13011.0;0.0
119;17700;ASH_COATED_OSMIUM;9998;14;9995;22;;;;;;;;;9998.0;0.0
119;17800;ASH_COATED_OSMIUM;9998;14;;;;;10014;14;10016;30;;;10006.0;0.0
119;17800;INTARIAN_PEPPER_ROOT;13011;9;13008;17;;;13025;9;13028;17;;;13018.0;0.0
119;17900;INTARIAN_PEPPER_ROOT;13011;8;13008;17;;;13025;8;13028;17;;;13018.0;0.0
119;17900;ASH_COATED_OSMIUM;9997;11;9995;21;;;10013;11;10016;21;;;10005.0;0.0
119;18000;INTARIAN_PEPPER_ROOT;13011;8;13008;25;;;;;;;;;13011.0;0.0
119;18000;ASH_COATED_OSMIUM;9997;10;9995;24;;;10013;10;10016;24;;;10005.0;0.0
119;18100;INTARIAN_PEPPER_ROOT;13011;9;;;;;13025;9;13028;18;;;13018.0;0.0
119;18100;ASH_COATED_OSMIUM;9997;12;9995;28;;;10013;12;10016;28;;;10005.0;0.0
119;18200;ASH_COATED_OSMIUM;9997;14;;;;;10016;23;;;;;10006.5;0.0
119;18200;INTARIAN_PEPPER_ROOT;13008;16;;;;;13025;9;13028;16;;;13016.5;0.0
119;18300;INTARIAN_PEPPER_ROOT;13008;24;;;;;13025;12;13029;24;;;13016.5;0.0
119;18300;ASH_COATED_OSMIUM;9997;10;9995;20;;;10013;10;10016;20;;;10005.0;0.0
119;18400;INTARIAN_PEPPER_ROOT;13011;8;13008;21;;;13025;8;13029;21;;;13018.0;0.0
119;18400;ASH_COATED_OSMIUM;9997;15;;;;;10013;15;;;;;10005.0;0.0
119;18500;INTARIAN_PEPPER_ROOT;13011;9;13008;18;;;13026;9;13029;18;;;13018.5;0.0
119;18500;ASH_COATED_OSMIUM;9997;15;;;;;10013;15;10016;21;;;10005.0;0.0
119;18600;ASH_COATED_OSMIUM;9997;11;9995;21;;;10013;11;;;;;10005.0;0.0
119;18600;INTARIAN_PEPPER_ROOT;13012;10;13008;22;;;13026;10;13029;22;;;13019.0;0.0
119;18700;INTARIAN_PEPPER_ROOT;13012;9;13008;19;;;13021;5;13026;9;13029;19;13016.5;0.0
119;18700;ASH_COATED_OSMIUM;9997;14;9995;30;;;10007;2;10013;14;10016;30;10002.0;0.0
119;18800;INTARIAN_PEPPER_ROOT;13012;10;13009;19;;;13026;10;13029;19;;;13019.0;0.0
119;18800;ASH_COATED_OSMIUM;9997;15;9995;24;;;10013;15;;;;;10005.0;0.0
119;18900;INTARIAN_PEPPER_ROOT;13012;9;13009;25;;;13029;25;;;;;13020.5;0.0
119;18900;ASH_COATED_OSMIUM;9994;25;;;;;10013;15;;;;;10003.5;0.0
119;19000;ASH_COATED_OSMIUM;9997;15;9994;30;;;10013;15;10015;30;;;10005.0;0.0
119;19000;INTARIAN_PEPPER_ROOT;13012;9;13009;15;;;13026;9;13029;15;;;13019.0;0.0
119;19100;INTARIAN_PEPPER_ROOT;13012;8;13009;17;;;13026;8;13029;17;;;13019.0;0.0
119;19100;ASH_COATED_OSMIUM;9997;11;;;;;10016;21;;;;;10006.5;0.0
119;19200;INTARIAN_PEPPER_ROOT;;;;;;;13026;10;13029;19;;;13026.0;0.0
119;19200;ASH_COATED_OSMIUM;9997;15;9995;26;;;10013;15;10016;26;;;10005.0;0.0
119;19300;INTARIAN_PEPPER_ROOT;13012;8;;;;;13015;5;13026;8;13030;19;13013.5;0.0
119;19300;ASH_COATED_OSMIUM;10006;7;9997;10;9994;23;10013;10;10015;23;;;10009.5;0.0
119;19400;ASH_COATED_OSMIUM;9997;14;9994;24;;;10013;14;;;;;10005.0;0.0
119;19400;INTARIAN_PEPPER_ROOT;13009;18;;;;;13026;11;13030;18;;;13017.5;0.0
119;19500;INTARIAN_PEPPER_ROOT;13009;17;;;;;13030;17;;;;;13019.5;0.0
119;19500;ASH_COATED_OSMIUM;9995;23;;;;;10013;15;10016;23;;;10004.0;0.0
119;19600;INTARIAN_PEPPER_ROOT;13013;10;;;;;13027;10;13030;15;;;13020.0;0.0
119;19600;ASH_COATED_OSMIUM;9997;11;9995;26;;;10013;11;10016;26;;;10005.0;0.0
119;19700;INTARIAN_PEPPER_ROOT;13013;11;;;;;13030;17;;;;;13021.5;0.0
119;19700;ASH_COATED_OSMIUM;9997;14;9994;29;;;10015;29;;;;;10006.0;0.0
119;19800;INTARIAN_PEPPER_ROOT;13013;8;13010;21;;;13027;8;13030;21;;;13020.0;0.0
119;19800;ASH_COATED_OSMIUM;9996;10;9994;26;;;10012;10;;;;;10004.0;0.0
119;19900;ASH_COATED_OSMIUM;9996;12;9993;22;;;10012;12;10014;22;;;10004.0;0.0
119;19900;INTARIAN_PEPPER_ROOT;13013;10;13010;20;;;13027;10;13030;20;;;13020.0;0.0
119;20000;INTARIAN_PEPPER_ROOT;13013;11;13010;25;;;13027;11;;;;;13020.0;0.0
119;20000;ASH_COATED_OSMIUM;9996;10;;;;;;;;;;;9996.0;0.0
119;20100;INTARIAN_PEPPER_ROOT;13013;12;;;;;13027;12;13030;15;;;13020.0;0.0
119;20100;ASH_COATED_OSMIUM;9993;29;;;;;10012;15;10014;29;;;10002.5;0.0
119;20200;INTARIAN_PEPPER_ROOT;13013;9;13010;24;;;13016;5;13027;9;13030;24;13014.5;0.0
119;20200;ASH_COATED_OSMIUM;9996;12;9994;20;;;10012;12;10015;20;;;10004.0;0.0
119;20300;ASH_COATED_OSMIUM;9993;24;;;;;10012;14;10014;24;;;10002.5;0.0
119;20300;INTARIAN_PEPPER_ROOT;13013;9;13010;17;;;;;;;;;13013.0;0.0
119;20400;INTARIAN_PEPPER_ROOT;13010;24;;;;;13027;10;13031;24;;;13018.5;0.0
119;20400;ASH_COATED_OSMIUM;9995;14;;;;;10011;14;10014;27;;;10003.0;0.0
119;20500;INTARIAN_PEPPER_ROOT;13013;10;;;;;13028;10;13031;15;;;13020.5;0.0
119;20500;ASH_COATED_OSMIUM;9993;25;;;;;10005;2;10011;15;10014;25;9999.0;0.0
119;20600;INTARIAN_PEPPER_ROOT;13014;9;13010;25;;;13028;9;13031;25;;;13021.0;0.0
119;20600;ASH_COATED_OSMIUM;9995;15;;;;;10011;15;;;;;10003.0;0.0
119;20700;ASH_COATED_OSMIUM;9994;11;9992;30;;;10010;11;10013;30;;;10002.0;0.0
119;20700;INTARIAN_PEPPER_ROOT;13014;11;13010;15;;;13031;15;;;;;13022.5;0.0
119;20800;INTARIAN_PEPPER_ROOT;13011;24;;;;;13028;11;13031;24;;;13019.5;0.0
119;20800;ASH_COATED_OSMIUM;9995;12;;;;;10011;12;10013;24;;;10003.0;0.0
119;20900;INTARIAN_PEPPER_ROOT;13014;10;13011;25;;;13028;10;13031;25;;;13021.0;0.0
119;20900;ASH_COATED_OSMIUM;9995;12;9992;29;;;10011;12;10013;29;;;10003.0;0.0
119;21000;INTARIAN_PEPPER_ROOT;13014;12;13011;19;;;13031;19;;;;;13022.5;0.0
119;21000;ASH_COATED_OSMIUM;9994;14;9992;25;;;10010;14;10013;25;;;10002.0;0.0
119;21100;ASH_COATED_OSMIUM;10000;2;9994;12;9992;28;10010;12;10013;28;;;10005.0;0.0
119;21100;INTARIAN_PEPPER_ROOT;13014;9;13011;15;;;13028;9;13031;15;;;13021.0;0.0
119;21200;INTARIAN_PEPPER_ROOT;13014;10;13011;19;;;13028;10;13031;19;;;13021.0;0.0
119;21200;ASH_COATED_OSMIUM;9994;14;9992;29;;;;;;;;;9994.0;0.0
119;21300;INTARIAN_PEPPER_ROOT;13014;8;13011;24;;;;;;;;;13014.0;0.0
119;21300;ASH_COATED_OSMIUM;9995;11;9992;22;;;10011;11;10013;22;;;10003.0;0.0
119;21400;ASH_COATED_OSMIUM;9992;29;;;;;10011;14;;;;;10001.5;0.0
119;21400;INTARIAN_PEPPER_ROOT;13014;12;13011;24;;;13028;12;13032;24;;;13021.0;0.0
119;21500;ASH_COATED_OSMIUM;9996;11;;;;;10012;11;;;;;10004.0;0.0
119;21500;INTARIAN_PEPPER_ROOT;13014;11;13011;25;;;13029;11;13032;25;;;13021.5;0.0
119;21600;ASH_COATED_OSMIUM;9993;20;;;;;10011;14;10014;20;;;10002.0;0.0
119;21600;INTARIAN_PEPPER_ROOT;13015;12;13011;22;;;13029;12;13032;22;;;13022.0;0.0
119;21700;INTARIAN_PEPPER_ROOT;13015;12;13011;16;;;13032;16;;;;;13023.5;0.0
119;21700;ASH_COATED_OSMIUM;9995;11;9993;25;;;;;;;;;9995.0;0.0
119;21800;ASH_COATED_OSMIUM;9993;25;;;;;10012;14;10014;25;;;10002.5;0.0
119;21800;INTARIAN_PEPPER_ROOT;13015;10;13012;16;;;13029;10;13032;16;;;13022.0;0.0
119;21900;ASH_COATED_OSMIUM;9995;13;9993;27;;;10011;13;;;;;10003.0;0.0
119;21900;INTARIAN_PEPPER_ROOT;13015;8;13012;15;;;13029;8;13032;15;;;13022.0;0.0
119;22000;ASH_COATED_OSMIUM;10005;6;9995;15;9993;20;10011;15;10014;20;;;10008.0;0.0
119;22000;INTARIAN_PEPPER_ROOT;13012;20;;;;;13032;20;;;;;13022.0;0.0
119;22100;INTARIAN_PEPPER_ROOT;13015;9;13012;23;;;13029;9;;;;;13022.0;0.0
119;22100;ASH_COATED_OSMIUM;9996;10;9993;22;;;10012;10;10014;22;;;10004.0;0.0
119;22200;INTARIAN_PEPPER_ROOT;13015;11;13012;21;;;13029;11;13032;21;;;13022.0;0.0
119;22200;ASH_COATED_OSMIUM;9995;13;9993;23;;;10011;13;10014;23;;;10003.0;0.0
119;22300;ASH_COATED_OSMIUM;9995;13;9993;28;;;10014;28;;;;;10004.5;0.0
119;22300;INTARIAN_PEPPER_ROOT;13015;12;13012;22;;;13029;12;13033;22;;;13022.0;0.0
119;22400;INTARIAN_PEPPER_ROOT;13015;11;13012;25;;;13029;11;13033;25;;;13022.0;0.0
119;22400;ASH_COATED_OSMIUM;9995;10;;;;;10014;23;;;;;10004.5;0.0
119;22500;INTARIAN_PEPPER_ROOT;13015;12;13012;25;;;13030;12;13033;25;;;13022.5;0.0
119;22500;ASH_COATED_OSMIUM;9995;10;9993;27;;;10011;10;;;;;10003.0;0.0
119;22600;INTARIAN_PEPPER_ROOT;13016;8;13012;19;;;13030;8;13033;19;;;13023.0;0.0
119;22600;ASH_COATED_OSMIUM;9993;25;;;;;10011;15;10014;25;;;10002.0;0.0
119;22700;ASH_COATED_OSMIUM;9995;14;;;;;10011;14;;;;;10003.0;0.0
119;22700;INTARIAN_PEPPER_ROOT;13016;8;13012;19;;;13030;8;13033;19;;;13023.0;0.0
119;22800;INTARIAN_PEPPER_ROOT;13013;23;;;;;13030;9;13033;23;;;13021.5;0.0
119;22800;ASH_COATED_OSMIUM;9995;12;;;;;10014;26;;;;;10004.5;0.0
119;22900;INTARIAN_PEPPER_ROOT;13016;11;13013;25;;;13030;11;;;;;13023.0;0.0
119;22900;ASH_COATED_OSMIUM;;;;;;;10012;11;10014;22;;;10012.0;0.0
119;23000;INTARIAN_PEPPER_ROOT;13016;12;13013;23;;;13030;12;13033;23;;;13023.0;0.0
119;23000;ASH_COATED_OSMIUM;9993;20;;;;;10011;12;;;;;10002.0;0.0
119;23100;ASH_COATED_OSMIUM;9995;13;9993;26;;;10011;13;;;;;10003.0;0.0
119;23100;INTARIAN_PEPPER_ROOT;13016;9;13013;20;;;13030;9;13033;20;;;13023.0;0.0
119;23200;INTARIAN_PEPPER_ROOT;;;;;;;13030;12;;;;;13030.0;0.0
119;23200;ASH_COATED_OSMIUM;9996;14;9993;24;;;10012;14;10014;24;;;10004.0;0.0
119;23300;INTARIAN_PEPPER_ROOT;13016;9;13013;25;;;13030;9;13034;25;;;13023.0;0.0
119;23300;ASH_COATED_OSMIUM;9996;10;9994;21;;;10012;10;10015;21;;;10004.0;0.0
119;23400;INTARIAN_PEPPER_ROOT;;;;;;;13034;15;;;;;13034.0;0.0
119;23400;ASH_COATED_OSMIUM;9994;29;;;;;10012;15;10015;29;;;10003.0;0.0
119;23500;ASH_COATED_OSMIUM;9996;10;;;;;10014;30;;;;;10005.0;0.0
119;23500;INTARIAN_PEPPER_ROOT;13016;9;13013;15;;;13034;15;;;;;13025.0;0.0
119;23600;INTARIAN_PEPPER_ROOT;13017;8;13013;25;;;13031;8;13034;25;;;13024.0;0.0
119;23600;ASH_COATED_OSMIUM;9996;10;9994;25;;;10012;10;10015;25;;;10004.0;0.0
119;23700;INTARIAN_PEPPER_ROOT;13017;10;13013;20;;;;;;;;;13017.0;0.0
119;23700;ASH_COATED_OSMIUM;9993;20;;;;;10012;15;10014;20;;;10002.5;0.0
119;23800;INTARIAN_PEPPER_ROOT;13017;10;13014;15;;;13031;10;13034;15;;;13024.0;0.0
119;23800;ASH_COATED_OSMIUM;9996;11;9993;22;;;10012;11;10014;22;;;10004.0;0.0
119;23900;ASH_COATED_OSMIUM;9996;14;9994;27;;;;;;;;;9996.0;0.0
119;23900;INTARIAN_PEPPER_ROOT;13017;8;13014;23;;;13031;8;13034;23;;;13024.0;0.0
119;24000;INTARIAN_PEPPER_ROOT;13017;12;13014;25;;;13031;12;13034;25;;;13024.0;0.0
119;24000;ASH_COATED_OSMIUM;9993;29;;;;;;;;;;;9993.0;0.0
119;24100;INTARIAN_PEPPER_ROOT;13017;9;13014;25;;;13031;9;13034;25;;;13024.0;0.0
119;24100;ASH_COATED_OSMIUM;9996;10;9993;20;;;10014;20;;;;;10005.0;0.0
119;24200;INTARIAN_PEPPER_ROOT;13017;8;13014;23;;;13031;8;13034;23;;;13024.0;0.0
119;24200;ASH_COATED_OSMIUM;9995;14;9993;23;;;10011;14;;;;;10003.0;0.0
119;24300;ASH_COATED_OSMIUM;9995;14;9993;27;;;10011;14;10014;27;;;10003.0;0.0
119;24300;INTARIAN_PEPPER_ROOT;13014;21;;;;;13031;11;;;;;13022.5;0.0
119;24400;ASH_COATED_OSMIUM;9995;14;9993;28;;;10011;14;10014;28;;;10003.0;0.0
119;24400;INTARIAN_PEPPER_ROOT;13017;11;13014;19;;;13031;11;13035;19;;;13024.0;0.0
119;24500;INTARIAN_PEPPER_ROOT;13017;11;13014;23;;;13032;11;13035;23;;;13024.5;0.0
119;24500;ASH_COATED_OSMIUM;9995;14;9993;24;;;10011;14;10014;24;;;10003.0;0.0
119;24600;ASH_COATED_OSMIUM;9995;12;9992;22;;;10011;12;10013;22;;;10003.0;0.0
119;24600;INTARIAN_PEPPER_ROOT;13018;11;13014;21;;;13032;11;13035;21;;;13025.0;0.0
119;24700;ASH_COATED_OSMIUM;;;;;;;10011;15;10013;20;;;10011.0;0.0
119;24700;INTARIAN_PEPPER_ROOT;13022;12;13018;11;13014;20;13032;11;13035;20;;;13027.0;0.0
119;24800;ASH_COATED_OSMIUM;9995;10;;;;;10011;10;10013;28;;;10003.0;0.0
119;24800;INTARIAN_PEPPER_ROOT;13018;8;;;;;13032;8;13035;25;;;13025.0;0.0
119;24900;INTARIAN_PEPPER_ROOT;13018;9;13015;23;;;13032;9;13035;23;;;13025.0;0.0
119;24900;ASH_COATED_OSMIUM;9995;13;9993;24;;;;;;;;;9995.0;0.0
119;25000;ASH_COATED_OSMIUM;;;;;;;10012;13;;;;;10012.0;0.0
119;25000;INTARIAN_PEPPER_ROOT;13018;9;13015;25;;;13032;9;13035;25;;;13025.0;0.0
119;25100;ASH_COATED_OSMIUM;10001;5;9996;13;9993;26;10012;13;10014;26;;;10006.5;0.0
119;25100;INTARIAN_PEPPER_ROOT;13018;10;13015;18;;;13032;10;;;;;13025.0;0.0
119;25200;ASH_COATED_OSMIUM;9995;13;9993;24;;;10011;13;;;;;10003.0;0.0
119;25200;INTARIAN_PEPPER_ROOT;13018;10;13015;18;;;13035;18;;;;;13026.5;0.0
119;25300;INTARIAN_PEPPER_ROOT;13018;12;;;;;13032;12;13036;15;;;13025.0;0.0
119;25300;ASH_COATED_OSMIUM;9995;12;9993;21;;;10011;12;10014;21;;;10003.0;0.0
119;25400;ASH_COATED_OSMIUM;;;;;;;10010;11;10013;27;;;10010.0;0.0
119;25400;INTARIAN_PEPPER_ROOT;13018;8;13015;18;;;13036;18;;;;;13027.0;0.0
119;25500;ASH_COATED_OSMIUM;9994;14;9992;23;;;10010;14;10013;23;;;10002.0;0.0
119;25500;INTARIAN_PEPPER_ROOT;13018;12;13015;22;;;13033;12;13036;22;;;13025.5;0.0
119;25600;ASH_COATED_OSMIUM;9994;14;9992;24;;;10010;14;10013;24;;;10002.0;0.0
119;25600;INTARIAN_PEPPER_ROOT;13019;10;13015;19;;;13033;10;13036;19;;;13026.0;0.0
119;25700;INTARIAN_PEPPER_ROOT;13019;12;13015;22;;;13033;12;13036;22;;;13026.0;0.0
119;25700;ASH_COATED_OSMIUM;9994;10;9991;24;;;10010;10;10012;24;;;10002.0;0.0
119;25800;INTARIAN_PEPPER_ROOT;13019;9;;;;;13033;9;13036;20;;;13026.0;0.0
119;25800;ASH_COATED_OSMIUM;9991;27;;;;;10010;10;10012;27;;;10000.5;0.0
119;25900;ASH_COATED_OSMIUM;9993;12;9991;27;;;10009;12;10012;27;;;10001.0;0.0
119;25900;INTARIAN_PEPPER_ROOT;13019;11;13016;18;;;13033;11;13036;18;;;13026.0;0.0
119;26000;ASH_COATED_OSMIUM;9994;15;9991;27;;;10010;15;10012;27;;;10002.0;0.0
119;26000;INTARIAN_PEPPER_ROOT;13019;11;13016;24;;;13033;11;;;;;13026.0;0.0
119;26100;ASH_COATED_OSMIUM;9993;14;9990;24;;;10009;14;10011;24;;;10001.0;0.0
119;26100;INTARIAN_PEPPER_ROOT;;;;;;;13033;9;13036;22;;;13033.0;0.0
119;26200;INTARIAN_PEPPER_ROOT;13019;11;13016;16;;;13033;11;13036;16;;;13026.0;0.0
119;26200;ASH_COATED_OSMIUM;9991;27;;;;;10009;14;10012;27;;;10000.0;0.0
119;26300;ASH_COATED_OSMIUM;;;;;;;10009;11;10012;25;;;10009.0;0.0
119;26300;INTARIAN_PEPPER_ROOT;13019;10;13016;17;;;13033;10;13037;17;;;13026.0;0.0
119;26400;ASH_COATED_OSMIUM;9993;14;9990;27;;;9998;10;10009;14;10011;27;9995.5;0.0
119;26400;INTARIAN_PEPPER_ROOT;13019;9;13016;17;;;13033;9;13037;17;;;13026.0;0.0
119;26500;INTARIAN_PEPPER_ROOT;13019;8;;;;;13034;8;13037;23;;;13026.5;0.0
119;26500;ASH_COATED_OSMIUM;9993;13;9990;21;;;9998;5;10009;13;10011;21;9995.5;0.0
119;26600;INTARIAN_PEPPER_ROOT;13020;12;13016;18;;;13034;12;13037;18;;;13027.0;0.0
119;26600;ASH_COATED_OSMIUM;9993;14;;;;;10009;14;10011;29;;;10001.0;0.0
119;26700;INTARIAN_PEPPER_ROOT;13020;12;;;;;13037;23;;;;;13028.5;0.0
119;26700;ASH_COATED_OSMIUM;9993;10;9991;26;;;10009;10;10012;26;;;10001.0;0.0
119;26800;ASH_COATED_OSMIUM;9990;20;;;;;10009;10;10011;20;;;9999.5;0.0
119;26800;INTARIAN_PEPPER_ROOT;13020;10;13017;21;;;13034;10;;;;;13027.0;0.0
119;26900;INTARIAN_PEPPER_ROOT;13020;8;13017;25;;;13034;8;13037;25;;;13027.0;0.0
119;26900;ASH_COATED_OSMIUM;9992;11;9990;22;;;10008;11;;;;;10000.0;0.0
119;27000;INTARIAN_PEPPER_ROOT;;;;;;;13034;12;13037;18;;;13034.0;0.0
119;27000;ASH_COATED_OSMIUM;9990;26;;;;;10009;10;10011;26;;;9999.5;0.0
119;27100;INTARIAN_PEPPER_ROOT;13020;12;13017;25;;;13034;12;13037;25;;;13027.0;0.0
119;27100;ASH_COATED_OSMIUM;9990;27;;;;;10011;27;;;;;10000.5;0.0
119;27200;ASH_COATED_OSMIUM;;;;;;;10008;10;10011;23;;;10008.0;0.0
119;27200;INTARIAN_PEPPER_ROOT;13017;22;;;;;;;;;;;13017.0;0.0
119;27300;INTARIAN_PEPPER_ROOT;13017;20;;;;;13034;9;;;;;13025.5;0.0
119;27300;ASH_COATED_OSMIUM;10001;10;;;;;10008;15;10010;25;;;10004.5;0.0
119;27400;INTARIAN_PEPPER_ROOT;13020;11;13017;19;;;13034;11;13038;19;;;13027.0;0.0
119;27400;ASH_COATED_OSMIUM;9992;10;9989;22;;;10008;10;;;;;10000.0;0.0
119;27500;INTARIAN_PEPPER_ROOT;13020;9;;;;;13035;9;13038;19;;;13027.5;0.0
119;27500;ASH_COATED_OSMIUM;9991;11;;;;;10007;11;10010;30;;;9999.0;0.0
119;27600;ASH_COATED_OSMIUM;9992;14;9989;26;;;10008;14;10010;26;;;10000.0;0.0
119;27600;INTARIAN_PEPPER_ROOT;13021;11;13017;20;;;13038;20;;;;;13029.5;0.0
119;27700;INTARIAN_PEPPER_ROOT;13021;10;13017;18;;;13030;5;13035;10;13038;18;13025.5;0.0
119;27700;ASH_COATED_OSMIUM;9992;12;9989;30;;;10008;12;10010;30;;;10000.0;0.0
119;27800;INTARIAN_PEPPER_ROOT;13021;9;13018;25;;;13035;9;13038;25;;;13028.0;0.0
119;27800;ASH_COATED_OSMIUM;9992;14;9989;20;;;10008;14;;;;;10000.0;0.0
119;27900;INTARIAN_PEPPER_ROOT;13018;22;;;;;13035;8;13038;22;;;13026.5;0.0
119;27900;ASH_COATED_OSMIUM;9992;14;9989;29;;;10008;14;10010;29;;;10000.0;0.0
119;28000;ASH_COATED_OSMIUM;9992;13;9989;22;;;10008;13;10010;22;;;10000.0;0.0
119;28000;INTARIAN_PEPPER_ROOT;13021;8;13018;25;;;13035;8;;;;;13028.0;0.0
119;28100;INTARIAN_PEPPER_ROOT;13021;10;;;;;13035;10;13038;20;;;13028.0;0.0
119;28100;ASH_COATED_OSMIUM;;;;;;;10008;15;;;;;10008.0;0.0
119;28200;INTARIAN_PEPPER_ROOT;13021;8;;;;;13038;19;;;;;13029.5;0.0
119;28200;ASH_COATED_OSMIUM;9990;23;;;;;10008;10;10011;23;;;9999.0;0.0
119;28300;INTARIAN_PEPPER_ROOT;13021;9;;;;;13035;9;;;;;13028.0;0.0
119;28300;ASH_COATED_OSMIUM;9992;12;9989;28;;;10008;12;10010;28;;;10000.0;0.0
119;28400;ASH_COATED_OSMIUM;9992;15;;;;;10008;15;10010;20;;;10000.0;0.0
119;28400;INTARIAN_PEPPER_ROOT;13018;16;;;;;13035;8;13039;16;;;13026.5;0.0
119;28500;INTARIAN_PEPPER_ROOT;13021;12;13018;25;;;13036;12;13039;25;;;13028.5;0.0
119;28500;ASH_COATED_OSMIUM;9992;14;9989;28;;;10008;14;10010;28;;;10000.0;0.0
119;28600;INTARIAN_PEPPER_ROOT;13018;20;;;;;13036;12;;;;;13027.0;0.0
119;28600;ASH_COATED_OSMIUM;9989;26;;;;;10007;12;10010;26;;;9998.0;0.0
119;28700;INTARIAN_PEPPER_ROOT;13022;9;;;;;13036;9;13039;19;;;13029.0;0.0
119;28700;ASH_COATED_OSMIUM;9989;22;;;;;10007;14;10010;22;;;9998.0;0.0
119;28800;INTARIAN_PEPPER_ROOT;13022;10;13019;15;;;13036;10;13039;15;;;13029.0;0.0
119;28800;ASH_COATED_OSMIUM;9991;14;9988;21;;;10007;14;;;;;9999.0;0.0
119;28900;ASH_COATED_OSMIUM;9991;11;9988;22;;;10007;11;;;;;9999.0;0.0
119;28900;INTARIAN_PEPPER_ROOT;13022;9;13019;23;;;13039;23;;;;;13030.5;0.0
119;29000;INTARIAN_PEPPER_ROOT;13022;10;13019;18;;;13036;10;13039;18;;;13029.0;0.0
119;29000;ASH_COATED_OSMIUM;9989;24;;;;;10007;11;10010;24;;;9998.0;0.0
119;29100;INTARIAN_PEPPER_ROOT;;;;;;;13036;10;13039;20;;;13036.0;0.0
119;29100;ASH_COATED_OSMIUM;9991;12;9989;23;;;10007;12;10010;23;;;9999.0;0.0
119;29200;INTARIAN_PEPPER_ROOT;13019;24;;;;;13036;10;;;;;13027.5;0.0
119;29200;ASH_COATED_OSMIUM;9991;12;;;;;10007;12;10009;22;;;9999.0;0.0
119;29300;ASH_COATED_OSMIUM;9991;10;;;;;10007;10;10009;22;;;9999.0;0.0
119;29300;INTARIAN_PEPPER_ROOT;13022;10;13019;24;;;13025;4;13036;10;13040;24;13023.5;0.0
119;29400;INTARIAN_PEPPER_ROOT;13022;8;;;;;13036;8;;;;;13029.0;0.0
119;29400;ASH_COATED_OSMIUM;9989;23;;;;;10010;23;;;;;9999.5;0.0
119;29500;INTARIAN_PEPPER_ROOT;13022;12;13019;15;;;13037;12;13040;15;;;13029.5;0.0
119;29500;ASH_COATED_OSMIUM;9996;2;9988;20;;;10009;20;;;;;10002.5;0.0
119;29600;INTARIAN_PEPPER_ROOT;13023;12;;;;;13037;12;13040;21;;;13030.0;0.0
119;29600;ASH_COATED_OSMIUM;9991;12;9988;26;;;10007;12;;;;;9999.0;0.0
119;29700;ASH_COATED_OSMIUM;9988;22;;;;;10007;15;10009;22;;;9997.5;0.0
119;29700;INTARIAN_PEPPER_ROOT;13023;12;13019;21;;;13037;12;13040;21;;;13030.0;0.0
119;29800;INTARIAN_PEPPER_ROOT;13023;9;;;;;13037;9;13040;16;;;13030.0;0.0
119;29800;ASH_COATED_OSMIUM;9991;13;9989;25;;;10010;25;;;;;10000.5;0.0
119;29900;INTARIAN_PEPPER_ROOT;13023;12;13020;16;;;13037;12;;;;;13030.0;0.0
119;29900;ASH_COATED_OSMIUM;9991;10;9989;30;;;10007;10;;;;;9999.0;0.0
119;30000;INTARIAN_PEPPER_ROOT;13023;11;;;;;13040;20;;;;;13031.5;0.0
119;30000;ASH_COATED_OSMIUM;9991;11;;;;;10007;11;;;;;9999.0;0.0
119;30100;ASH_COATED_OSMIUM;9991;15;;;;;10007;15;;;;;9999.0;0.0
119;30100;INTARIAN_PEPPER_ROOT;13023;12;13020;25;;;13037;12;;;;;13030.0;0.0
119;30200;ASH_COATED_OSMIUM;9992;11;9989;28;;;10008;11;;;;;10000.0;0.0
119;30200;INTARIAN_PEPPER_ROOT;13020;17;;;;;;;;;;;13020.0;0.0
119;30300;INTARIAN_PEPPER_ROOT;13023;8;13020;22;;;13037;8;13041;22;;;13030.0;0.0
119;30300;ASH_COATED_OSMIUM;9992;14;9989;29;;;10008;14;10010;29;;;10000.0;0.0
119;30400;ASH_COATED_OSMIUM;9992;10;9990;30;;;10008;10;;;;;10000.0;0.0
119;30400;INTARIAN_PEPPER_ROOT;13023;10;13020;16;;;13041;16;;;;;13032.0;0.0
119;30500;ASH_COATED_OSMIUM;9989;28;;;;;10008;11;10010;28;;;9998.5;0.0
119;30500;INTARIAN_PEPPER_ROOT;13023;8;13020;18;;;;;;;;;13023.0;0.0
119;30600;ASH_COATED_OSMIUM;9992;11;9989;30;;;10008;11;10010;30;;;10000.0;0.0
119;30600;INTARIAN_PEPPER_ROOT;13024;12;13020;25;;;13038;12;13041;25;;;13031.0;0.0
119;30700;INTARIAN_PEPPER_ROOT;13024;9;13020;24;;;13038;9;13041;24;;;13031.0;0.0
119;30700;ASH_COATED_OSMIUM;;;;;;;10008;12;10011;27;;;10008.0;0.0
119;30800;ASH_COATED_OSMIUM;9990;29;;;;;10009;10;;;;;9999.5;0.0
119;30800;INTARIAN_PEPPER_ROOT;13024;10;13021;23;;;13038;10;13041;23;;;13031.0;0.0
119;30900;ASH_COATED_OSMIUM;9992;11;;;;;10008;11;10011;21;;;10000.0;0.0
119;30900;INTARIAN_PEPPER_ROOT;13021;23;;;;;13038;8;13041;23;;;13029.5;0.0
119;31000;INTARIAN_PEPPER_ROOT;13024;10;13021;18;;;13041;18;;;;;13032.5;0.0
119;31000;ASH_COATED_OSMIUM;9990;26;;;;;10008;12;10011;26;;;9999.0;0.0
119;31100;INTARIAN_PEPPER_ROOT;;;;;;;;;;;;;0.0;0.0
119;31100;ASH_COATED_OSMIUM;9990;23;;;;;10009;13;;;;;9999.5;0.0
119;31200;INTARIAN_PEPPER_ROOT;13024;11;;;;;13041;18;;;;;13032.5;0.0
119;31200;ASH_COATED_OSMIUM;9992;15;9990;21;;;10008;15;;;;;10000.0;0.0
119;31300;ASH_COATED_OSMIUM;9993;14;;;;;10009;14;10011;20;;;10001.0;0.0
119;31300;INTARIAN_PEPPER_ROOT;13021;22;;;;;;;;;;;13021.0;0.0
119;31400;INTARIAN_PEPPER_ROOT;13024;10;13021;20;;;13038;10;13042;20;;;13031.0;0.0
119;31400;ASH_COATED_OSMIUM;9998;5;9992;11;9990;22;10011;22;;;;;10004.5;0.0
119;31500;INTARIAN_PEPPER_ROOT;13024;12;13021;15;;;13039;12;;;;;13031.5;0.0
119;31500;ASH_COATED_OSMIUM;9992;11;9990;21;;;10008;11;;;;;10000.0;0.0
119;31600;INTARIAN_PEPPER_ROOT;13021;16;;;;;13039;8;13042;16;;;13030.0;0.0
119;31600;ASH_COATED_OSMIUM;9992;13;9989;24;;;10008;13;10010;24;;;10000.0;0.0
119;31700;ASH_COATED_OSMIUM;9992;10;9989;29;;;10008;10;10010;29;;;10000.0;0.0
119;31700;INTARIAN_PEPPER_ROOT;13035;4;13025;12;;;13039;12;13042;21;;;13037.0;0.0
119;31800;INTARIAN_PEPPER_ROOT;13025;12;;;;;13039;12;13042;19;;;13032.0;0.0
119;31800;ASH_COATED_OSMIUM;9991;13;9989;22;;;10007;13;10010;22;;;9999.0;0.0
119;31900;INTARIAN_PEPPER_ROOT;13025;11;13022;19;;;13039;11;;;;;13032.0;0.0
119;31900;ASH_COATED_OSMIUM;9991;11;9989;26;;;10007;11;10010;26;;;9999.0;0.0
119;32000;INTARIAN_PEPPER_ROOT;13025;11;13022;20;;;13039;11;13042;20;;;13032.0;0.0
119;32000;ASH_COATED_OSMIUM;9992;15;9989;20;;;10008;15;10010;20;;;10000.0;0.0
119;32100;ASH_COATED_OSMIUM;9989;25;;;;;10008;12;10010;25;;;9998.5;0.0
119;32100;INTARIAN_PEPPER_ROOT;13025;8;;;;;13039;8;;;;;13032.0;0.0
119;32200;INTARIAN_PEPPER_ROOT;13025;9;13022;24;;;13039;9;13042;24;;;13032.0;0.0
119;32200;ASH_COATED_OSMIUM;9997;2;9992;13;9989;24;10008;13;10010;24;;;10002.5;0.0
119;32300;INTARIAN_PEPPER_ROOT;13025;9;13022;21;;;13043;21;;;;;13034.0;0.0
119;32300;ASH_COATED_OSMIUM;9992;13;9990;30;;;10008;13;10011;30;;;10000.0;0.0
119;32400;INTARIAN_PEPPER_ROOT;;;;;;;13039;12;;;;;13039.0;0.0
119;32400;ASH_COATED_OSMIUM;9993;15;9990;29;;;10009;15;;;;;10001.0;0.0
119;32500;ASH_COATED_OSMIUM;9993;15;9990;24;;;10002;3;10009;15;10011;24;9997.5;0.0
119;32500;INTARIAN_PEPPER_ROOT;13022;17;;;;;13040;12;13043;17;;;13031.0;0.0
119;32600;INTARIAN_PEPPER_ROOT;13036;5;13026;10;;;13040;10;13043;20;;;13038.0;0.0
119;32600;ASH_COATED_OSMIUM;9990;26;;;;;10009;12;10011;26;;;9999.5;0.0
119;32700;INTARIAN_PEPPER_ROOT;13026;11;13022;23;;;13043;23;;;;;13034.5;0.0
119;32700;ASH_COATED_OSMIUM;;;;;;;10009;10;10011;30;;;10009.0;0.0
119;32800;INTARIAN_PEPPER_ROOT;13026;10;13023;20;;;13040;10;13043;20;;;13033.0;0.0
119;32800;ASH_COATED_OSMIUM;9992;11;9990;29;;;10008;11;10011;29;;;10000.0;0.0
119;32900;ASH_COATED_OSMIUM;9989;20;;;;;10008;10;;;;;9998.5;0.0
119;32900;INTARIAN_PEPPER_ROOT;13023;19;;;;;13040;11;13043;19;;;13031.5;0.0
119;33000;INTARIAN_PEPPER_ROOT;13026;10;;;;;13043;19;;;;;13034.5;0.0
119;33000;ASH_COATED_OSMIUM;9992;13;9990;28;;;10008;13;10011;28;;;10000.0;0.0
119;33100;INTARIAN_PEPPER_ROOT;13026;11;13023;24;;;13040;11;13043;24;;;13033.0;0.0
119;33100;ASH_COATED_OSMIUM;9990;25;;;;;10008;13;;;;;9999.0;0.0
119;33200;ASH_COATED_OSMIUM;9992;15;9990;23;;;10008;15;10011;23;;;10000.0;0.0
119;33200;INTARIAN_PEPPER_ROOT;13026;11;13023;19;;;13040;11;13043;19;;;13033.0;0.0
119;33300;ASH_COATED_OSMIUM;9993;10;9991;30;;;10009;10;;;;;10001.0;0.0
119;33300;INTARIAN_PEPPER_ROOT;13026;10;13023;15;;;13040;10;;;;;13033.0;0.0
119;33400;ASH_COATED_OSMIUM;9993;13;9991;20;;;10009;13;10012;20;;;10001.0;0.0
119;33400;INTARIAN_PEPPER_ROOT;13026;9;13023;19;;;13040;9;13044;19;;;13033.0;0.0
119;33500;INTARIAN_PEPPER_ROOT;13026;10;13023;24;;;13041;10;;;;;13033.5;0.0
119;33500;ASH_COATED_OSMIUM;9990;21;;;;;10011;21;;;;;10000.5;0.0
119;33600;ASH_COATED_OSMIUM;9999;3;9993;13;9991;27;10009;13;;;;;10004.0;0.0
119;33600;INTARIAN_PEPPER_ROOT;13027;11;13023;22;;;13041;11;13044;22;;;13034.0;0.0
119;33700;ASH_COATED_OSMIUM;9992;25;;;;;10010;13;;;;;10001.0;0.0
119;33700;INTARIAN_PEPPER_ROOT;13027;8;13023;16;;;13041;8;13044;16;;;13034.0;0.0
119;33800;ASH_COATED_OSMIUM;9992;21;;;;;;;;;;;9992.0;0.0
119;33800;INTARIAN_PEPPER_ROOT;13027;11;13024;25;;;13041;11;;;;;13034.0;0.0
119;33900;INTARIAN_PEPPER_ROOT;13027;8;;;;;;;;;;;13027.0;0.0
119;33900;ASH_COATED_OSMIUM;9994;12;;;;;10010;12;;;;;10002.0;0.0
119;34000;ASH_COATED_OSMIUM;9994;13;9991;28;;;10010;13;10012;28;;;10002.0;0.0
119;34000;INTARIAN_PEPPER_ROOT;13027;10;13024;25;;;13044;25;;;;;13035.5;0.0
119;34100;ASH_COATED_OSMIUM;9994;12;9991;25;;;10010;12;;;;;10002.0;0.0
119;34100;INTARIAN_PEPPER_ROOT;13027;10;13024;15;;;13044;15;;;;;13035.5;0.0
119;34200;ASH_COATED_OSMIUM;9994;15;9991;30;;;10010;15;10012;30;;;10002.0;0.0
119;34200;INTARIAN_PEPPER_ROOT;13024;25;;;;;13041;12;13044;25;;;13032.5;0.0
119;34300;INTARIAN_PEPPER_ROOT;13027;10;13024;15;;;;;;;;;13027.0;0.0
119;34300;ASH_COATED_OSMIUM;9994;15;9991;28;;;;;;;;;9994.0;0.0
119;34400;ASH_COATED_OSMIUM;9991;28;;;;;10010;12;10012;28;;;10000.5;0.0
119;34400;INTARIAN_PEPPER_ROOT;13027;10;13024;21;;;13041;10;13045;21;;;13034.0;0.0
119;34500;ASH_COATED_OSMIUM;9994;12;9991;22;;;10010;12;;;;;10002.0;0.0
119;34500;INTARIAN_PEPPER_ROOT;13027;8;;;;;13042;8;13045;22;;;13034.5;0.0
119;34600;ASH_COATED_OSMIUM;9991;24;;;;;10009;10;10012;24;;;10000.0;0.0
119;34600;INTARIAN_PEPPER_ROOT;13024;19;;;;;13042;12;13045;19;;;13033.0;0.0
119;34700;ASH_COATED_OSMIUM;9993;14;9991;23;;;10009;14;;;;;10001.0;0.0
119;34700;INTARIAN_PEPPER_ROOT;13028;8;;;;;13042;8;13045;20;;;13035.0;0.0
119;34800;INTARIAN_PEPPER_ROOT;13025;21;;;;;13042;10;13045;21;;;13033.5;0.0
119;34800;ASH_COATED_OSMIUM;9994;11;9992;22;;;10010;11;10013;22;;;10002.0;0.0
119;34900;ASH_COATED_OSMIUM;9994;15;;;;;10010;15;;;;;10002.0;0.0
119;34900;INTARIAN_PEPPER_ROOT;13028;12;13025;15;;;13042;12;;;;;13035.0;0.0
119;35000;ASH_COATED_OSMIUM;9994;10;9992;29;;;10010;10;10013;29;;;10002.0;0.0
119;35000;INTARIAN_PEPPER_ROOT;13025;21;;;;;;;;;;;13025.0;0.0
119;35100;ASH_COATED_OSMIUM;9994;13;9991;21;;;10010;13;10012;21;;;10002.0;0.0
119;35100;INTARIAN_PEPPER_ROOT;13028;10;13025;18;;;13042;10;13045;18;;;13035.0;0.0
119;35200;INTARIAN_PEPPER_ROOT;13028;11;13025;24;;;13042;11;13045;24;;;13035.0;0.0
119;35200;ASH_COATED_OSMIUM;9994;15;9992;24;;;10010;15;10013;24;;;10002.0;0.0
119;35300;ASH_COATED_OSMIUM;9994;14;9992;22;;;10010;14;10013;22;;;10002.0;0.0
119;35300;INTARIAN_PEPPER_ROOT;;;;;;;13042;9;13046;16;;;13042.0;0.0
119;35400;ASH_COATED_OSMIUM;9995;10;9992;25;;;10013;25;;;;;10004.0;0.0
119;35400;INTARIAN_PEPPER_ROOT;13028;8;;;;;13042;8;;;;;13035.0;0.0
119;35500;INTARIAN_PEPPER_ROOT;13028;11;13025;19;;;13043;11;13046;19;;;13035.5;0.0
119;35500;ASH_COATED_OSMIUM;9994;11;9992;27;;;10013;27;;;;;10003.5;0.0
119;35600;INTARIAN_PEPPER_ROOT;13029;8;;;;;13046;19;;;;;13037.5;0.0
119;35600;ASH_COATED_OSMIUM;;;;;;;;;;;;;0.0;0.0
119;35700;INTARIAN_PEPPER_ROOT;;;;;;;13043;11;13046;17;;;13043.0;0.0
119;35700;ASH_COATED_OSMIUM;9994;14;9992;29;;;10010;14;10013;29;;;10002.0;0.0
119;35800;ASH_COATED_OSMIUM;9995;14;9992;21;;;10011;14;10013;21;;;10003.0;0.0
119;35800;INTARIAN_PEPPER_ROOT;13026;23;;;;;13043;10;13046;23;;;13034.5;0.0
119;35900;INTARIAN_PEPPER_ROOT;13029;10;;;;;13043;10;;;;;13036.0;0.0
119;35900;ASH_COATED_OSMIUM;9994;10;9992;28;;;10010;10;;;;;10002.0;0.0
119;36000;INTARIAN_PEPPER_ROOT;13026;24;;;;;13046;24;;;;;13036.0;0.0
119;36000;ASH_COATED_OSMIUM;9994;12;9992;30;;;10010;12;10013;30;;;10002.0;0.0
119;36100;INTARIAN_PEPPER_ROOT;13029;9;;;;;13046;16;;;;;13037.5;0.0
119;36100;ASH_COATED_OSMIUM;9994;14;9992;21;;;10010;14;;;;;10002.0;0.0
119;36200;ASH_COATED_OSMIUM;9994;12;;;;;10010;12;10013;29;;;10002.0;0.0
119;36200;INTARIAN_PEPPER_ROOT;13029;11;13026;16;;;13043;11;;;;;13036.0;0.0
119;36300;INTARIAN_PEPPER_ROOT;13029;12;13026;21;;;13043;12;13047;21;;;13036.0;0.0
119;36300;ASH_COATED_OSMIUM;9994;13;9992;30;;;10004;5;10013;30;;;9999.0;0.0
119;36400;INTARIAN_PEPPER_ROOT;13029;8;13026;23;;;13047;23;;;;;13038.0;0.0
119;36400;ASH_COATED_OSMIUM;9994;12;9992;28;;;10004;5;10010;12;10013;28;9999.0;0.0
119;36500;INTARIAN_PEPPER_ROOT;13029;9;13026;16;;;13047;16;;;;;13038.0;0.0
119;36500;ASH_COATED_OSMIUM;9994;14;9992;27;;;10010;14;10013;27;;;10002.0;0.0
119;36600;ASH_COATED_OSMIUM;9991;30;;;;;10009;11;10012;30;;;10000.0;0.0
119;36600;INTARIAN_PEPPER_ROOT;13026;20;;;;;13047;20;;;;;13036.5;0.0
119;36700;INTARIAN_PEPPER_ROOT;13030;8;13026;18;;;13044;8;13047;18;;;13037.0;0.0
119;36700;ASH_COATED_OSMIUM;9993;11;;;;;10012;21;;;;;10002.5;0.0
119;36800;INTARIAN_PEPPER_ROOT;13030;9;13027;18;;;13044;9;13047;18;;;13037.0;0.0
119;36800;ASH_COATED_OSMIUM;9994;13;9991;23;;;10010;13;10012;23;;;10002.0;0.0
119;36900;INTARIAN_PEPPER_ROOT;13030;11;13027;15;;;13047;15;;;;;13038.5;0.0
119;36900;ASH_COATED_OSMIUM;9992;22;;;;;10010;11;10013;22;;;10001.0;0.0
119;37000;ASH_COATED_OSMIUM;9992;20;;;;;10011;12;10013;20;;;10001.5;0.0
119;37000;INTARIAN_PEPPER_ROOT;13030;11;13027;24;;;13044;11;13047;24;;;13037.0;0.0
119;37100;INTARIAN_PEPPER_ROOT;13030;12;13027;24;;;13044;12;13047;24;;;13037.0;0.0
119;37100;ASH_COATED_OSMIUM;9994;15;9992;24;;;10013;24;;;;;10003.5;0.0
119;37200;INTARIAN_PEPPER_ROOT;13030;8;13027;21;;;13047;21;;;;;13038.5;0.0
119;37200;ASH_COATED_OSMIUM;9992;27;;;;;10013;27;;;;;10002.5;0.0
119;37300;INTARIAN_PEPPER_ROOT;13027;19;;;;;13044;8;13048;19;;;13035.5;0.0
119;37300;ASH_COATED_OSMIUM;9994;11;9991;22;;;10010;11;10012;22;;;10002.0;0.0
119;37400;ASH_COATED_OSMIUM;9993;13;9990;22;;;10009;13;10011;22;;;10001.0;0.0
119;37400;INTARIAN_PEPPER_ROOT;13030;10;13027;21;;;13044;10;13048;21;;;13037.0;0.0
119;37500;INTARIAN_PEPPER_ROOT;13030;11;13027;20;;;13045;11;13048;20;;;13037.5;0.0
119;37500;ASH_COATED_OSMIUM;9993;10;9990;30;;;10009;10;10011;30;;;10001.0;0.0
119;37600;INTARIAN_PEPPER_ROOT;13027;22;;;;;13045;8;13048;22;;;13036.0;0.0
119;37600;ASH_COATED_OSMIUM;9993;11;9990;24;;;10011;24;;;;;10002.0;0.0
119;37700;INTARIAN_PEPPER_ROOT;13031;8;13027;24;;;13045;8;13048;24;;;13038.0;0.0
119;37700;ASH_COATED_OSMIUM;9990;20;;;;;10009;11;10011;20;;;9999.5;0.0
119;37800;INTARIAN_PEPPER_ROOT;13028;16;;;;;13045;9;13048;16;;;13036.5;0.0
119;37800;ASH_COATED_OSMIUM;9993;15;9990;23;;;10009;15;;;;;10001.0;0.0
119;37900;ASH_COATED_OSMIUM;9992;11;9990;27;;;10008;11;10011;27;;;10000.0;0.0
119;37900;INTARIAN_PEPPER_ROOT;13031;11;13028;24;;;13045;11;13048;24;;;13038.0;0.0
119;38000;INTARIAN_PEPPER_ROOT;13031;12;13028;16;;;13048;16;;;;;13039.5;0.0
119;38000;ASH_COATED_OSMIUM;9992;13;9990;30;;;10008;13;;;;;10000.0;0.0
119;38100;INTARIAN_PEPPER_ROOT;13031;12;13028;23;;;13045;12;13048;23;;;13038.0;0.0
119;38100;ASH_COATED_OSMIUM;9992;13;9990;28;;;10008;13;;;;;10000.0;0.0
119;38200;INTARIAN_PEPPER_ROOT;13031;9;;;;;13048;18;;;;;13039.5;0.0
119;38200;ASH_COATED_OSMIUM;9992;12;9990;29;;;10008;12;10011;29;;;10000.0;0.0
119;38300;ASH_COATED_OSMIUM;9992;11;;;;;10008;11;10011;22;;;10000.0;0.0
119;38300;INTARIAN_PEPPER_ROOT;13028;24;;;;;13045;10;13049;24;;;13036.5;0.0
119;38400;INTARIAN_PEPPER_ROOT;13031;8;;;;;13045;8;13049;15;;;13038.0;0.0
119;38400;ASH_COATED_OSMIUM;9992;11;9990;29;;;10008;11;10011;29;;;10000.0;0.0
119;38500;INTARIAN_PEPPER_ROOT;13031;10;;;;;;;;;;;13031.0;0.0
119;38500;ASH_COATED_OSMIUM;9992;12;9990;22;;;10008;12;10011;22;;;10000.0;0.0
119;38600;INTARIAN_PEPPER_ROOT;13032;12;;;;;13046;12;13049;23;;;13039.0;0.0
119;38600;ASH_COATED_OSMIUM;9992;12;9990;29;;;10008;12;10011;29;;;10000.0;0.0
119;38700;ASH_COATED_OSMIUM;;;;;;;10011;20;;;;;10011.0;0.0
119;38700;INTARIAN_PEPPER_ROOT;13032;9;13028;25;;;13034;8;13049;25;;;13033.0;0.0
119;38800;INTARIAN_PEPPER_ROOT;13032;8;13029;23;;;13049;23;;;;;13040.5;0.0
119;38800;ASH_COATED_OSMIUM;9989;25;;;;;10008;12;10010;25;;;9998.5;0.0
119;38900;INTARIAN_PEPPER_ROOT;13032;8;13029;18;;;13046;8;13049;18;;;13039.0;0.0
119;38900;ASH_COATED_OSMIUM;9990;23;;;;;10008;14;10011;23;;;9999.0;0.0
119;39000;INTARIAN_PEPPER_ROOT;13032;9;13029;18;;;13046;9;13049;18;;;13039.0;0.0
119;39000;ASH_COATED_OSMIUM;9990;23;;;;;10008;14;;;;;9999.0;0.0
119;39100;ASH_COATED_OSMIUM;9992;15;9990;28;;;10008;15;10011;28;;;10000.0;0.0
119;39100;INTARIAN_PEPPER_ROOT;13032;10;13029;15;;;13046;10;13049;15;;;13039.0;0.0
119;39200;ASH_COATED_OSMIUM;9992;13;9989;21;;;10008;13;10010;21;;;10000.0;0.0
119;39200;INTARIAN_PEPPER_ROOT;13032;9;13029;16;;;13046;9;13049;16;;;13039.0;0.0
119;39300;INTARIAN_PEPPER_ROOT;;;;;;;13050;23;;;;;13050.0;0.0
119;39300;ASH_COATED_OSMIUM;10001;10;9992;10;9989;24;10008;10;;;;;10004.5;0.0
119;39400;ASH_COATED_OSMIUM;9991;10;;;;;;;;;;;9991.0;0.0
119;39400;INTARIAN_PEPPER_ROOT;13032;9;13029;20;;;13050;20;;;;;13041.0;0.0
119;39500;ASH_COATED_OSMIUM;9991;10;9989;29;;;10010;29;;;;;10000.5;0.0
119;39500;INTARIAN_PEPPER_ROOT;13032;8;13029;24;;;13047;8;13050;24;;;13039.5;0.0
119;39600;ASH_COATED_OSMIUM;9992;15;9989;30;;;10008;15;10010;30;;;10000.0;0.0
119;39600;INTARIAN_PEPPER_ROOT;13033;12;13029;16;;;13047;12;13050;16;;;13040.0;0.0
119;39700;INTARIAN_PEPPER_ROOT;13033;10;;;;;13050;16;;;;;13041.5;0.0
119;39700;ASH_COATED_OSMIUM;9991;15;;;;;10007;15;10010;29;;;9999.0;0.0
119;39800;INTARIAN_PEPPER_ROOT;13033;10;13030;17;;;13035;4;13047;10;13050;17;13034.0;0.0
119;39800;ASH_COATED_OSMIUM;9991;10;9989;22;;;10007;10;10010;22;;;9999.0;0.0
119;39900;ASH_COATED_OSMIUM;9992;12;;;;;10008;12;;;;;10000.0;0.0
119;39900;INTARIAN_PEPPER_ROOT;13030;25;;;;;13047;9;13050;25;;;13038.5;0.0
119;40000;INTARIAN_PEPPER_ROOT;13033;10;13030;24;;;13047;10;;;;;13040.0;0.0
119;40000;ASH_COATED_OSMIUM;9991;15;9989;25;;;10007;15;;;;;9999.0;0.0
119;40100;INTARIAN_PEPPER_ROOT;13033;10;13030;23;;;13050;23;;;;;13041.5;0.0
119;40100;ASH_COATED_OSMIUM;9992;10;9989;30;;;10008;10;10010;30;;;10000.0;0.0
119;40200;INTARIAN_PEPPER_ROOT;13033;9;13030;18;;;;;;;;;13033.0;0.0
119;40200;ASH_COATED_OSMIUM;9992;12;9990;24;;;10008;12;10011;24;;;10000.0;0.0
119;40300;ASH_COATED_OSMIUM;9993;10;9990;29;;;10009;10;10011;29;;;10001.0;0.0
119;40300;INTARIAN_PEPPER_ROOT;13033;11;13030;20;;;13047;11;13051;20;;;13040.0;0.0
119;40400;INTARIAN_PEPPER_ROOT;13033;9;;;;;13051;15;;;;;13042.0;0.0
119;40400;ASH_COATED_OSMIUM;9992;12;9990;23;;;10008;12;10011;23;;;10000.0;0.0
119;40500;INTARIAN_PEPPER_ROOT;13033;9;13030;19;;;;;;;;;13033.0;0.0
119;40500;ASH_COATED_OSMIUM;9992;14;9990;21;;;10008;14;10011;21;;;10000.0;0.0
119;40600;INTARIAN_PEPPER_ROOT;13030;25;;;;;13043;12;13048;11;13051;25;13036.5;0.0
119;40600;ASH_COATED_OSMIUM;9992;15;9990;28;;;10008;15;;;;;10000.0;0.0
119;40700;ASH_COATED_OSMIUM;9992;10;;;;;10011;29;;;;;10001.5;0.0
119;40700;INTARIAN_PEPPER_ROOT;13034;12;13030;22;;;13048;12;13051;22;;;13041.0;0.0
119;40800;INTARIAN_PEPPER_ROOT;13034;10;13031;22;;;13048;10;13051;22;;;13041.0;0.0
119;40800;ASH_COATED_OSMIUM;9993;12;9990;21;;;10009;12;10011;21;;;10001.0;0.0
119;40900;INTARIAN_PEPPER_ROOT;13034;9;13031;25;;;13048;9;13051;25;;;13041.0;0.0
119;40900;ASH_COATED_OSMIUM;9993;12;9990;25;;;10009;12;10011;25;;;10001.0;0.0
119;41000;INTARIAN_PEPPER_ROOT;13034;12;13031;15;;;13048;12;13051;15;;;13041.0;0.0
119;41000;ASH_COATED_OSMIUM;9993;10;;;;;10009;10;10011;20;;;10001.0;0.0
119;41100;ASH_COATED_OSMIUM;9993;13;9990;23;;;10009;13;10011;23;;;10001.0;0.0
119;41100;INTARIAN_PEPPER_ROOT;13034;11;13031;17;;;13048;11;13051;17;;;13041.0;0.0
119;41200;INTARIAN_PEPPER_ROOT;13034;9;13031;21;;;;;;;;;13034.0;0.0
119;41200;ASH_COATED_OSMIUM;9993;12;;;;;10009;12;10012;20;;;10001.0;0.0
119;41300;INTARIAN_PEPPER_ROOT;13034;10;13031;17;;;13048;10;13052;17;;;13041.0;0.0
119;41300;ASH_COATED_OSMIUM;;;;;;;10009;14;10012;27;;;10009.0;0.0
119;41400;INTARIAN_PEPPER_ROOT;13034;10;13031;20;;;13052;20;;;;;13043.0;0.0
119;41400;ASH_COATED_OSMIUM;9993;12;;;;;10009;12;10012;29;;;10001.0;0.0
119;41500;ASH_COATED_OSMIUM;9993;14;;;;;;;;;;;9993.0;0.0
119;41500;INTARIAN_PEPPER_ROOT;13034;10;;;;;13052;25;;;;;13043.0;0.0
119;41600;INTARIAN_PEPPER_ROOT;13035;8;13031;18;;;13052;18;;;;;13043.5;0.0
119;41600;ASH_COATED_OSMIUM;9993;14;9991;26;;;10012;26;;;;;10002.5;0.0
119;41700;INTARIAN_PEPPER_ROOT;13035;11;13031;18;;;13049;11;13052;18;;;13042.0;0.0
119;41700;ASH_COATED_OSMIUM;9994;14;9991;23;;;10010;14;10012;23;;;10002.0;0.0
119;41800;INTARIAN_PEPPER_ROOT;13035;10;;;;;13049;10;13052;16;;;13042.0;0.0
119;41800;ASH_COATED_OSMIUM;9991;21;;;;;10010;11;;;;;10000.5;0.0
119;41900;ASH_COATED_OSMIUM;9994;14;9992;28;;;10010;14;10013;28;;;10002.0;0.0
119;41900;INTARIAN_PEPPER_ROOT;13035;9;;;;;13049;9;13052;18;;;13042.0;0.0
119;42000;INTARIAN_PEPPER_ROOT;13035;12;13032;24;;;;;;;;;13035.0;0.0
119;42000;ASH_COATED_OSMIUM;9993;15;9991;27;;;10009;15;10012;27;;;10001.0;0.0
119;42100;INTARIAN_PEPPER_ROOT;13035;9;13032;18;;;13049;9;;;;;13042.0;0.0
119;42100;ASH_COATED_OSMIUM;9994;15;9991;22;;;10010;15;10012;22;;;10002.0;0.0
119;42200;ASH_COATED_OSMIUM;9991;22;;;;;10012;22;;;;;10001.5;0.0
119;42200;INTARIAN_PEPPER_ROOT;13032;24;;;;;13049;10;13052;24;;;13040.5;0.0
119;42300;ASH_COATED_OSMIUM;9994;10;9991;20;;;10010;10;;;;;10002.0;0.0
119;42300;INTARIAN_PEPPER_ROOT;13035;10;;;;;13049;10;13053;19;;;13042.0;0.0
119;42400;ASH_COATED_OSMIUM;9994;11;9992;26;;;10004;4;10010;11;;;9999.0;0.0
119;42400;INTARIAN_PEPPER_ROOT;13035;11;13032;21;;;;;;;;;13035.0;0.0
119;42500;INTARIAN_PEPPER_ROOT;13035;10;13032;23;;;13050;10;;;;;13042.5;0.0
119;42500;ASH_COATED_OSMIUM;9994;10;9991;24;;;10010;10;10012;24;;;10002.0;0.0
119;42600;ASH_COATED_OSMIUM;9994;12;9992;28;;;10010;12;10013;28;;;10002.0;0.0
119;42600;INTARIAN_PEPPER_ROOT;13036;10;13032;19;;;13050;10;;;;;13043.0;0.0
119;42700;ASH_COATED_OSMIUM;9994;12;;;;;10010;12;10012;23;;;10002.0;0.0
119;42700;INTARIAN_PEPPER_ROOT;13036;9;13032;19;;;13050;9;;;;;13043.0;0.0
119;42800;ASH_COATED_OSMIUM;9994;14;;;;;10010;14;10012;29;;;10002.0;0.0
119;42800;INTARIAN_PEPPER_ROOT;13033;15;;;;;13053;15;;;;;13043.0;0.0
119;42900;INTARIAN_PEPPER_ROOT;13036;10;13033;22;;;13053;22;;;;;13044.5;0.0
119;42900;ASH_COATED_OSMIUM;9993;13;9991;20;;;10009;13;10012;20;;;10001.0;0.0
119;43000;ASH_COATED_OSMIUM;9993;10;;;;;10009;10;10012;26;;;10001.0;0.0
119;43000;INTARIAN_PEPPER_ROOT;13036;10;13033;24;;;13050;10;13053;24;;;13043.0;0.0
119;43100;ASH_COATED_OSMIUM;9993;11;9991;24;;;10012;24;;;;;10002.5;0.0
119;43100;INTARIAN_PEPPER_ROOT;13036;12;13033;21;;;13053;21;;;;;13044.5;0.0
119;43200;ASH_COATED_OSMIUM;9993;13;9991;29;;;10009;13;10012;29;;;10001.0;0.0
119;43200;INTARIAN_PEPPER_ROOT;13036;10;13033;25;;;13050;10;13053;25;;;13043.0;0.0
119;43300;INTARIAN_PEPPER_ROOT;13036;12;;;;;13054;16;;;;;13045.0;0.0
119;43300;ASH_COATED_OSMIUM;9993;15;;;;;10009;15;10011;20;;;10001.0;0.0
119;43400;ASH_COATED_OSMIUM;9993;11;9990;22;;;10009;11;;;;;10001.0;0.0
119;43400;INTARIAN_PEPPER_ROOT;13036;8;13033;16;;;13054;16;;;;;13045.0;0.0
119;43500;ASH_COATED_OSMIUM;9992;15;9990;24;;;10008;15;10011;24;;;10000.0;0.0
119;43500;INTARIAN_PEPPER_ROOT;13036;11;13033;16;;;13051;11;13054;16;;;13043.5;0.0
119;43600;ASH_COATED_OSMIUM;9992;14;9989;22;;;10008;14;10010;22;;;10000.0;0.0
119;43600;INTARIAN_PEPPER_ROOT;13037;9;13033;25;;;13039;4;13054;25;;;13038.0;0.0
119;43700;ASH_COATED_OSMIUM;9990;29;;;;;10011;29;;;;;10000.5;0.0
119;43700;INTARIAN_PEPPER_ROOT;13037;10;13033;17;;;13051;10;;;;;13044.0;0.0
119;43800;INTARIAN_PEPPER_ROOT;13037;11;;;;;13051;11;13054;22;;;13044.0;0.0
119;43800;ASH_COATED_OSMIUM;9992;12;;;;;10008;12;;;;;10000.0;0.0
119;43900;ASH_COATED_OSMIUM;9993;12;9990;24;;;10009;12;10011;24;;;10001.0;0.0
119;43900;INTARIAN_PEPPER_ROOT;13037;11;;;;;13051;11;;;;;13044.0;0.0
119;44000;ASH_COATED_OSMIUM;;;;;;;10009;15;;;;;10009.0;0.0
119;44000;INTARIAN_PEPPER_ROOT;13037;9;13034;22;;;13051;9;13054;22;;;13044.0;0.0
119;44100;ASH_COATED_OSMIUM;9991;22;;;;;10009;14;;;;;10000.0;0.0
119;44100;INTARIAN_PEPPER_ROOT;13037;8;13034;22;;;13054;22;;;;;13045.5;0.0
119;44200;INTARIAN_PEPPER_ROOT;13037;11;13034;23;;;13051;11;13054;23;;;13044.0;0.0
119;44200;ASH_COATED_OSMIUM;9994;11;;;;;10010;11;;;;;10002.0;0.0
119;44300;INTARIAN_PEPPER_ROOT;13037;11;13034;25;;;13051;11;;;;;13044.0;0.0
119;44300;ASH_COATED_OSMIUM;9994;14;9992;24;;;10010;14;10013;24;;;10002.0;0.0
119;44400;ASH_COATED_OSMIUM;9994;12;9991;25;;;10010;12;;;;;10002.0;0.0
119;44400;INTARIAN_PEPPER_ROOT;13034;25;;;;;13051;8;13055;25;;;13042.5;0.0
119;44500;INTARIAN_PEPPER_ROOT;13037;10;;;;;13052;10;13055;21;;;13044.5;0.0
119;44500;ASH_COATED_OSMIUM;;;;;;;10010;12;10012;30;;;10010.0;0.0
119;44600;INTARIAN_PEPPER_ROOT;13038;11;13034;23;;;13052;11;;;;;13045.0;0.0
119;44600;ASH_COATED_OSMIUM;9993;11;9991;21;;;10009;11;;;;;10001.0;0.0
119;44700;INTARIAN_PEPPER_ROOT;;;;;;;13052;12;;;;;13052.0;0.0
119;44700;ASH_COATED_OSMIUM;9994;11;9991;25;;;10010;11;10012;25;;;10002.0;0.0
119;44800;ASH_COATED_OSMIUM;9994;14;9991;25;;;9999;4;10012;25;;;9996.5;0.0
119;44800;INTARIAN_PEPPER_ROOT;13038;12;;;;;13052;12;13055;19;;;13045.0;0.0
119;44900;INTARIAN_PEPPER_ROOT;13038;11;;;;;13052;11;13055;15;;;13045.0;0.0
119;44900;ASH_COATED_OSMIUM;9994;15;9991;21;;;10010;15;10012;21;;;10002.0;0.0
119;45000;INTARIAN_PEPPER_ROOT;13038;8;13035;19;;;13055;19;;;;;13046.5;0.0
119;45000;ASH_COATED_OSMIUM;9994;13;;;;;10012;27;;;;;10003.0;0.0
119;45100;INTARIAN_PEPPER_ROOT;13038;11;13035;22;;;;;;;;;13038.0;0.0
119;45100;ASH_COATED_OSMIUM;9994;10;9992;27;;;10010;10;10013;27;;;10002.0;0.0
119;45200;ASH_COATED_OSMIUM;9995;14;9993;20;;;10014;20;;;;;10004.5;0.0
119;45200;INTARIAN_PEPPER_ROOT;13038;12;13035;23;;;13052;12;;;;;13045.0;0.0
119;45300;INTARIAN_PEPPER_ROOT;13038;10;13035;25;;;13052;10;13056;25;;;13045.0;0.0
119;45300;ASH_COATED_OSMIUM;9995;14;9992;23;;;10000;6;10004;3;10011;14;9997.5;0.0
119;45400;INTARIAN_PEPPER_ROOT;13038;11;13035;16;;;13052;11;13056;16;;;13045.0;0.0
119;45400;ASH_COATED_OSMIUM;9992;25;;;;;10013;25;;;;;10002.5;0.0
119;45500;INTARIAN_PEPPER_ROOT;13038;12;13035;25;;;13053;12;13056;25;;;13045.5;0.0
119;45500;ASH_COATED_OSMIUM;9995;10;9992;20;;;10011;10;10013;20;;;10003.0;0.0
119;45600;ASH_COATED_OSMIUM;9992;23;;;;;10010;15;10013;23;;;10001.0;0.0
119;45600;INTARIAN_PEPPER_ROOT;13035;23;;;;;13053;9;13056;23;;;13044.0;0.0
119;45700;INTARIAN_PEPPER_ROOT;13039;9;13035;25;;;13053;9;;;;;13046.0;0.0
119;45700;ASH_COATED_OSMIUM;9994;12;;;;;10013;21;;;;;10003.5;0.0
119;45800;INTARIAN_PEPPER_ROOT;13039;10;13036;22;;;13053;10;13056;22;;;13046.0;0.0
119;45800;ASH_COATED_OSMIUM;9994;10;9992;30;;;10010;10;;;;;10002.0;0.0
119;45900;INTARIAN_PEPPER_ROOT;13039;9;13036;23;;;13053;9;13056;23;;;13046.0;0.0
119;45900;ASH_COATED_OSMIUM;9994;15;9992;25;;;10010;15;10013;25;;;10002.0;0.0
119;46000;ASH_COATED_OSMIUM;9995;13;9992;23;;;10004;4;10013;23;;;9999.5;0.0
119;46000;INTARIAN_PEPPER_ROOT;13039;9;13036;22;;;13056;22;;;;;13047.5;0.0
119;46100;INTARIAN_PEPPER_ROOT;13039;12;13036;23;;;13056;23;;;;;13047.5;0.0
119;46100;ASH_COATED_OSMIUM;9992;25;;;;;10011;12;10013;25;;;10001.5;0.0
119;46200;INTARIAN_PEPPER_ROOT;13039;10;13036;15;;;13056;15;;;;;13047.5;0.0
119;46200;ASH_COATED_OSMIUM;9995;10;9992;24;;;10011;10;10013;24;;;10003.0;0.0
119;46300;INTARIAN_PEPPER_ROOT;13039;10;13036;21;;;13057;21;;;;;13048.0;0.0
119;46300;ASH_COATED_OSMIUM;9992;26;;;;;10010;12;10013;26;;;10001.0;0.0
119;46400;ASH_COATED_OSMIUM;9994;11;9992;24;;;10010;11;;;;;10002.0;0.0
119;46400;INTARIAN_PEPPER_ROOT;;;;;;;13053;11;13057;20;;;13053.0;0.0
119;46500;ASH_COATED_OSMIUM;9994;13;9992;29;;;10010;13;10013;29;;;10002.0;0.0
119;46500;INTARIAN_PEPPER_ROOT;13039;10;13036;22;;;13054;10;13057;22;;;13046.5;0.0
119;46600;INTARIAN_PEPPER_ROOT;13040;11;13036;17;;;13054;11;13057;17;;;13047.0;0.0
119;46600;ASH_COATED_OSMIUM;9995;11;9992;28;;;10013;28;;;;;10004.0;0.0
119;46700;INTARIAN_PEPPER_ROOT;13040;10;13036;20;;;13054;10;13057;20;;;13047.0;0.0
119;46700;ASH_COATED_OSMIUM;9992;29;;;;;10010;14;10013;29;;;10001.0;0.0
119;46800;INTARIAN_PEPPER_ROOT;13040;10;13037;21;;;13054;10;13057;21;;;13047.0;0.0
119;46800;ASH_COATED_OSMIUM;9992;25;;;;;10010;13;10013;25;;;10001.0;0.0
119;46900;ASH_COATED_OSMIUM;9994;11;9991;29;;;10010;11;10012;29;;;10002.0;0.0
119;46900;INTARIAN_PEPPER_ROOT;13044;9;13040;12;13037;19;13057;19;;;;;13050.5;0.0
119;47000;INTARIAN_PEPPER_ROOT;13040;8;13037;17;;;13054;8;13057;17;;;13047.0;0.0
119;47000;ASH_COATED_OSMIUM;9993;14;9991;22;;;10009;14;;;;;10001.0;0.0
119;47100;INTARIAN_PEPPER_ROOT;13040;11;13037;24;;;13054;11;13057;24;;;13047.0;0.0
119;47100;ASH_COATED_OSMIUM;9994;15;9991;22;;;10010;15;10012;22;;;10002.0;0.0
119;47200;INTARIAN_PEPPER_ROOT;13037;16;;;;;13054;9;;;;;13045.5;0.0
119;47200;ASH_COATED_OSMIUM;9994;15;9991;21;;;10003;2;10010;15;10012;21;9998.5;0.0
119;47300;ASH_COATED_OSMIUM;9994;10;9991;21;;;10010;10;;;;;10002.0;0.0
119;47300;INTARIAN_PEPPER_ROOT;13040;12;13037;18;;;13054;12;;;;;13047.0;0.0
119;47400;INTARIAN_PEPPER_ROOT;13040;9;13037;25;;;;;;;;;13040.0;0.0
119;47400;ASH_COATED_OSMIUM;9992;22;;;;;10010;11;10013;22;;;10001.0;0.0
119;47500;INTARIAN_PEPPER_ROOT;13040;12;13037;25;;;13055;12;13058;25;;;13047.5;0.0
119;47500;ASH_COATED_OSMIUM;9991;21;;;;;10010;12;;;;;10000.5;0.0
119;47600;INTARIAN_PEPPER_ROOT;13041;12;;;;;13055;12;;;;;13048.0;0.0
119;47600;ASH_COATED_OSMIUM;9993;11;9991;21;;;10012;21;;;;;10002.5;0.0
119;47700;ASH_COATED_OSMIUM;9993;11;9991;23;;;10003;5;10009;11;;;9998.0;0.0
119;47700;INTARIAN_PEPPER_ROOT;13041;11;13037;23;;;13043;4;13055;11;;;13042.0;0.0
119;47800;INTARIAN_PEPPER_ROOT;13041;11;13038;20;;;13055;11;13058;20;;;13048.0;0.0
119;47800;ASH_COATED_OSMIUM;9993;10;9991;20;;;10009;10;;;;;10001.0;0.0
119;47900;INTARIAN_PEPPER_ROOT;13041;12;;;;;13055;12;13058;17;;;13048.0;0.0
119;47900;ASH_COATED_OSMIUM;9991;23;;;;;10012;23;;;;;10001.5;0.0
119;48000;ASH_COATED_OSMIUM;9995;14;9992;26;;;10011;14;10013;26;;;10003.0;0.0
119;48000;INTARIAN_PEPPER_ROOT;13041;10;13038;18;;;13055;10;13058;18;;;13048.0;0.0
119;48100;ASH_COATED_OSMIUM;9995;11;9992;29;;;10011;11;10013;29;;;10003.0;0.0
119;48100;INTARIAN_PEPPER_ROOT;13041;10;13038;24;;;13058;24;;;;;13049.5;0.0
119;48200;ASH_COATED_OSMIUM;9995;15;9992;26;;;10011;15;10013;26;;;10003.0;0.0
119;48200;INTARIAN_PEPPER_ROOT;13041;9;13038;20;;;13055;9;13058;20;;;13048.0;0.0
119;48300;INTARIAN_PEPPER_ROOT;13041;10;;;;;13055;10;13059;23;;;13048.0;0.0
119;48300;ASH_COATED_OSMIUM;9993;20;;;;;10011;15;10014;20;;;10002.0;0.0
119;48400;ASH_COATED_OSMIUM;9995;11;9992;30;;;10013;30;;;;;10004.0;0.0
119;48400;INTARIAN_PEPPER_ROOT;13041;9;;;;;13055;9;13059;20;;;13048.0;0.0
119;48500;ASH_COATED_OSMIUM;9994;14;9991;29;;;10010;14;10012;29;;;10002.0;0.0
119;48500;INTARIAN_PEPPER_ROOT;13041;10;;;;;13059;24;;;;;13050.0;0.0
119;48600;ASH_COATED_OSMIUM;9994;14;9992;26;;;10010;14;10013;26;;;10002.0;0.0
119;48600;INTARIAN_PEPPER_ROOT;13042;10;;;;;13056;10;13059;19;;;13049.0;0.0
119;48700;INTARIAN_PEPPER_ROOT;13042;8;13038;16;;;13056;8;13059;16;;;13049.0;0.0
119;48700;ASH_COATED_OSMIUM;9994;13;9992;22;;;10010;13;10013;22;;;10002.0;0.0
119;48800;INTARIAN_PEPPER_ROOT;13039;18;;;;;13051;9;13056;12;13059;18;13045.0;0.0
119;48800;ASH_COATED_OSMIUM;9994;10;9991;28;;;10010;10;10012;28;;;10002.0;0.0
119;48900;ASH_COATED_OSMIUM;9991;22;;;;;10009;15;10012;22;;;10000.0;0.0
119;48900;INTARIAN_PEPPER_ROOT;13046;5;13039;25;;;13056;8;13059;25;;;13051.0;0.0
119;49000;INTARIAN_PEPPER_ROOT;13042;9;;;;;13056;9;;;;;13049.0;0.0
119;49000;ASH_COATED_OSMIUM;9993;12;;;;;10011;28;;;;;10002.0;0.0
119;49100;INTARIAN_PEPPER_ROOT;13042;8;13039;18;;;13056;8;13059;18;;;13049.0;0.0
119;49100;ASH_COATED_OSMIUM;10002;10;9993;13;9990;30;10009;13;10011;30;;;10005.5;0.0
119;49200;INTARIAN_PEPPER_ROOT;13042;12;13039;15;;;13056;12;13059;15;;;13049.0;0.0
119;49200;ASH_COATED_OSMIUM;9994;11;;;;;10010;11;;;;;10002.0;0.0
119;49300;ASH_COATED_OSMIUM;9994;12;9991;29;;;10012;29;;;;;10003.0;0.0
119;49300;INTARIAN_PEPPER_ROOT;13046;12;13042;12;;;13056;12;13060;20;;;13051.0;0.0
119;49400;INTARIAN_PEPPER_ROOT;13042;12;13039;23;;;13056;12;13060;23;;;13049.0;0.0
119;49400;ASH_COATED_OSMIUM;9994;13;9992;22;;;10010;13;;;;;10002.0;0.0
119;49500;INTARIAN_PEPPER_ROOT;13042;12;13039;17;;;13057;12;13060;17;;;13049.5;0.0
119;49500;ASH_COATED_OSMIUM;9995;12;9992;24;;;10011;12;10013;24;;;10003.0;0.0
119;49600;INTARIAN_PEPPER_ROOT;13043;12;13039;22;;;13057;12;13060;22;;;13050.0;0.0
119;49600;ASH_COATED_OSMIUM;9994;15;9992;28;;;10010;15;10013;28;;;10002.0;0.0
119;49700;ASH_COATED_OSMIUM;9994;13;9992;21;;;10010;13;10013;21;;;10002.0;0.0
119;49700;INTARIAN_PEPPER_ROOT;13043;12;;;;;13057;12;13060;17;;;13050.0;0.0
119;49800;INTARIAN_PEPPER_ROOT;13043;9;13040;23;;;13045;3;13057;9;13060;23;13044.0;0.0
119;49800;ASH_COATED_OSMIUM;9994;15;;;;;10013;20;;;;;10003.5;0.0
119;49900;INTARIAN_PEPPER_ROOT;13043;8;13040;22;;;13057;8;13060;22;;;13050.0;0.0
119;49900;ASH_COATED_OSMIUM;9994;14;;;;;10010;14;;;;;10002.0;0.0
119;50000;INTARIAN_PEPPER_ROOT;13043;8;13040;18;;;;;;;;;13043.0;0.0
119;50000;ASH_COATED_OSMIUM;9992;24;;;;;10010;12;10013;24;;;10001.0;0.0
119;50100;ASH_COATED_OSMIUM;9994;14;9992;22;;;10010;14;10013;22;;;10002.0;0.0
119;50100;INTARIAN_PEPPER_ROOT;13043;10;;;;;13057;10;;;;;13050.0;0.0
119;50200;INTARIAN_PEPPER_ROOT;;;;;;;13057;10;13060;17;;;13057.0;0.0
119;50200;ASH_COATED_OSMIUM;9992;28;;;;;10010;12;10013;28;;;10001.0;0.0
119;50300;INTARIAN_PEPPER_ROOT;13043;10;;;;;13057;10;13061;20;;;13050.0;0.0
119;50300;ASH_COATED_OSMIUM;9995;12;9992;23;;;10011;12;;;;;10003.0;0.0
119;50400;INTARIAN_PEPPER_ROOT;13043;12;13040;16;;;13057;12;13061;16;;;13050.0;0.0
119;50400;ASH_COATED_OSMIUM;9994;15;;;;;10011;15;10013;21;;;10002.5;0.0
119;50500;ASH_COATED_OSMIUM;9995;13;;;;;10011;13;10013;27;;;10003.0;0.0
119;50500;INTARIAN_PEPPER_ROOT;13043;11;13040;25;;;13058;11;13061;25;;;13050.5;0.0
119;50600;INTARIAN_PEPPER_ROOT;13040;15;;;;;13058;11;;;;;13049.0;0.0
119;50600;ASH_COATED_OSMIUM;9992;22;;;;;10011;14;10013;22;;;10001.5;0.0
119;50700;INTARIAN_PEPPER_ROOT;13044;10;13040;18;;;13058;10;13061;18;;;13051.0;0.0
119;50700;ASH_COATED_OSMIUM;9995;15;9993;20;;;10011;15;10014;20;;;10003.0;0.0
119;50800;INTARIAN_PEPPER_ROOT;13044;9;13041;23;;;13061;23;;;;;13052.5;0.0
119;50800;ASH_COATED_OSMIUM;9995;14;;;;;10011;14;10014;26;;;10003.0;0.0
119;50900;ASH_COATED_OSMIUM;9995;11;9993;30;;;10011;11;;;;;10003.0;0.0
119;50900;INTARIAN_PEPPER_ROOT;13044;10;13041;15;;;13058;10;13061;15;;;13051.0;0.0
119;51000;ASH_COATED_OSMIUM;9993;23;;;;;10014;23;;;;;10003.5;0.0
119;51000;INTARIAN_PEPPER_ROOT;13044;12;;;;;13058;12;13061;21;;;13051.0;0.0
119;51100;INTARIAN_PEPPER_ROOT;13044;8;13041;23;;;13058;8;13061;23;;;13051.0;0.0
119;51100;ASH_COATED_OSMIUM;9996;15;;;;;10012;15;10014;29;;;10004.0;0.0
119;51200;ASH_COATED_OSMIUM;9996;13;9993;30;;;10014;30;;;;;10005.0;0.0
119;51200;INTARIAN_PEPPER_ROOT;13044;9;13041;21;;;;;;;;;13044.0;0.0
119;51300;ASH_COATED_OSMIUM;9993;23;;;;;10011;13;10014;23;;;10002.0;0.0
119;51300;INTARIAN_PEPPER_ROOT;13041;18;;;;;13058;8;13062;18;;;13049.5;0.0
119;51400;ASH_COATED_OSMIUM;9993;22;;;;;10014;22;;;;;10003.5;0.0
119;51400;INTARIAN_PEPPER_ROOT;13044;12;13041;23;;;13058;12;;;;;13051.0;0.0
119;51500;INTARIAN_PEPPER_ROOT;13044;10;13041;19;;;13062;19;;;;;13053.0;0.0
119;51500;ASH_COATED_OSMIUM;9996;15;9993;21;;;10012;15;10014;21;;;10004.0;0.0
119;51600;ASH_COATED_OSMIUM;9993;21;;;;;10011;12;;;;;10002.0;0.0
119;51600;INTARIAN_PEPPER_ROOT;13045;11;;;;;13059;11;;;;;13052.0;0.0
119;51700;ASH_COATED_OSMIUM;9993;30;;;;;10014;30;;;;;10003.5;0.0
119;51700;INTARIAN_PEPPER_ROOT;13045;8;13041;19;;;13047;4;13059;8;;;13046.0;0.0
119;51800;ASH_COATED_OSMIUM;;;;;;;10012;10;10014;25;;;10012.0;0.0
119;51800;INTARIAN_PEPPER_ROOT;13042;16;;;;;13062;16;;;;;13052.0;0.0
119;51900;INTARIAN_PEPPER_ROOT;13042;18;;;;;13059;9;13062;18;;;13050.5;0.0
119;51900;ASH_COATED_OSMIUM;9993;26;;;;;10011;11;10014;26;;;10002.0;0.0
119;52000;ASH_COATED_OSMIUM;9993;21;;;;;10014;21;;;;;10003.5;0.0
119;52000;INTARIAN_PEPPER_ROOT;13045;9;13042;18;;;13059;9;13062;18;;;13052.0;0.0
119;52100;ASH_COATED_OSMIUM;9995;11;9992;27;;;10011;11;10013;27;;;10003.0;0.0
119;52100;INTARIAN_PEPPER_ROOT;13045;10;13042;20;;;13059;10;13062;20;;;13052.0;0.0
119;52200;ASH_COATED_OSMIUM;9995;10;9993;23;;;10011;10;10014;23;;;10003.0;0.0
119;52200;INTARIAN_PEPPER_ROOT;13045;10;13042;15;;;13059;10;13062;15;;;13052.0;0.0
119;52300;INTARIAN_PEPPER_ROOT;13045;10;13042;15;;;13059;10;13063;15;;;13052.0;0.0
119;52300;ASH_COATED_OSMIUM;9995;12;9992;30;;;10011;12;10013;30;;;10003.0;0.0
119;52400;INTARIAN_PEPPER_ROOT;;;;;;;13059;9;13063;20;;;13059.0;0.0
119;52400;ASH_COATED_OSMIUM;9995;14;9992;20;;;10004;2;10013;20;;;9999.5;0.0
119;52500;ASH_COATED_OSMIUM;9995;15;;;;;10013;25;;;;;10004.0;0.0
119;52500;INTARIAN_PEPPER_ROOT;13045;8;13042;17;;;13060;8;13063;17;;;13052.5;0.0
119;52600;ASH_COATED_OSMIUM;9992;30;;;;;10010;14;;;;;10001.0;0.0
119;52600;INTARIAN_PEPPER_ROOT;13042;25;;;;;13060;8;13063;25;;;13051.0;0.0
119;52700;ASH_COATED_OSMIUM;9994;12;9992;24;;;10010;12;10013;24;;;10002.0;0.0
119;52700;INTARIAN_PEPPER_ROOT;13046;8;13042;23;;;13060;8;;;;;13053.0;0.0
119;52800;INTARIAN_PEPPER_ROOT;13046;11;13043;20;;;13060;11;;;;;13053.0;0.0
119;52800;ASH_COATED_OSMIUM;9992;26;;;;;10011;14;10013;26;;;10001.5;0.0
119;52900;ASH_COATED_OSMIUM;9995;10;9992;26;;;10011;10;;;;;10003.0;0.0
119;52900;INTARIAN_PEPPER_ROOT;13046;11;13043;23;;;13060;11;13063;23;;;13053.0;0.0
119;53000;ASH_COATED_OSMIUM;9995;13;9992;29;;;10011;13;10013;29;;;10003.0;0.0
119;53000;INTARIAN_PEPPER_ROOT;13043;23;;;;;13060;10;13063;23;;;13051.5;0.0
119;53100;ASH_COATED_OSMIUM;9995;15;9993;21;;;10014;21;;;;;10004.5;0.0
119;53100;INTARIAN_PEPPER_ROOT;13046;12;13043;16;;;;;;;;;13046.0;0.0
119;53200;INTARIAN_PEPPER_ROOT;13046;9;13043;19;;;13060;9;13063;19;;;13053.0;0.0
119;53200;ASH_COATED_OSMIUM;9995;14;;;;;10011;14;;;;;10003.0;0.0
119;53300;INTARIAN_PEPPER_ROOT;13043;22;;;;;13060;9;;;;;13051.5;0.0
119;53300;ASH_COATED_OSMIUM;9993;20;;;;;10012;13;10014;20;;;10002.5;0.0
119;53400;ASH_COATED_OSMIUM;9993;30;;;;;10012;14;;;;;10002.5;0.0
119;53400;INTARIAN_PEPPER_ROOT;;;;;;;13060;10;13064;23;;;13060.0;0.0
119;53500;INTARIAN_PEPPER_ROOT;13046;11;;;;;13061;11;;;;;13053.5;0.0
119;53500;ASH_COATED_OSMIUM;9995;13;9993;25;;;10011;13;;;;;10003.0;0.0
119;53600;INTARIAN_PEPPER_ROOT;13047;9;13043;25;;;13064;25;;;;;13055.5;0.0
119;53600;ASH_COATED_OSMIUM;9995;14;9992;22;;;10011;14;10013;22;;;10003.0;0.0
119;53700;INTARIAN_PEPPER_ROOT;13047;10;13043;20;;;;;;;;;13047.0;0.0
119;53700;ASH_COATED_OSMIUM;10005;7;10001;5;9995;14;10014;23;;;;;10009.5;0.0
119;53800;ASH_COATED_OSMIUM;9995;12;9993;29;;;;;;;;;9995.0;0.0
119;53800;INTARIAN_PEPPER_ROOT;13047;10;;;;;13061;10;13064;21;;;13054.0;0.0
119;53900;INTARIAN_PEPPER_ROOT;13047;9;13044;19;;;13061;9;13064;19;;;13054.0;0.0
119;53900;ASH_COATED_OSMIUM;9996;13;9993;25;;;10012;13;;;;;10004.0;0.0
119;54000;INTARIAN_PEPPER_ROOT;13047;8;;;;;13061;8;13064;25;;;13054.0;0.0
119;54000;ASH_COATED_OSMIUM;9996;15;9993;21;;;10012;15;10014;21;;;10004.0;0.0
119;54100;INTARIAN_PEPPER_ROOT;13047;12;13044;21;;;13061;12;;;;;13054.0;0.0
119;54100;ASH_COATED_OSMIUM;9996;13;9993;21;;;10012;13;10014;21;;;10004.0;0.0
119;54200;ASH_COATED_OSMIUM;9995;15;;;;;10011;15;10014;20;;;10003.0;0.0
119;54200;INTARIAN_PEPPER_ROOT;13047;9;13044;22;;;13064;22;;;;;13055.5;0.0
119;54300;INTARIAN_PEPPER_ROOT;;;;;;;13061;9;13065;15;;;13061.0;0.0
119;54300;ASH_COATED_OSMIUM;9995;10;;;;;10011;10;10014;26;;;10003.0;0.0
119;54400;INTARIAN_PEPPER_ROOT;13044;15;;;;;13061;9;13065;15;;;13052.5;0.0
119;54400;ASH_COATED_OSMIUM;9995;14;9993;22;;;10011;14;10014;22;;;10003.0;0.0
119;54500;INTARIAN_PEPPER_ROOT;13047;9;13044;24;;;13062;9;13065;24;;;13054.5;0.0
119;54500;ASH_COATED_OSMIUM;9995;11;9992;27;;;10013;27;;;;;10004.0;0.0
119;54600;ASH_COATED_OSMIUM;9992;29;;;;;10011;10;10013;29;;;10001.5;0.0
119;54600;INTARIAN_PEPPER_ROOT;13048;8;13044;15;;;13062;8;13065;15;;;13055.0;0.0
119;54700;INTARIAN_PEPPER_ROOT;13044;16;;;;;13065;16;;;;;13054.5;0.0
119;54700;ASH_COATED_OSMIUM;9995;10;;;;;10011;10;;;;;10003.0;0.0
119;54800;INTARIAN_PEPPER_ROOT;13048;11;13045;25;;;13062;11;13065;25;;;13055.0;0.0
119;54800;ASH_COATED_OSMIUM;9995;10;;;;;10011;10;10014;23;;;10003.0;0.0
119;54900;INTARIAN_PEPPER_ROOT;13045;25;;;;;13057;8;13062;10;13065;25;13051.0;0.0
119;54900;ASH_COATED_OSMIUM;9996;13;9993;22;;;10014;22;;;;;10005.0;0.0
119;55000;ASH_COATED_OSMIUM;9993;20;;;;;10012;10;;;;;10002.5;0.0
119;55000;INTARIAN_PEPPER_ROOT;13048;10;13045;15;;;13062;10;13065;15;;;13055.0;0.0
119;55100;INTARIAN_PEPPER_ROOT;13048;8;13045;20;;;13062;8;;;;;13055.0;0.0
119;55100;ASH_COATED_OSMIUM;9996;11;9993;24;;;10012;11;10014;24;;;10004.0;0.0
119;55200;INTARIAN_PEPPER_ROOT;13045;24;;;;;13062;9;13065;24;;;13053.5;0.0
119;55200;ASH_COATED_OSMIUM;9995;14;9993;25;;;10011;14;10014;25;;;10003.0;0.0
119;55300;INTARIAN_PEPPER_ROOT;13048;9;13045;19;;;13062;9;13066;19;;;13055.0;0.0
119;55300;ASH_COATED_OSMIUM;9995;11;9993;22;;;10011;11;;;;;10003.0;0.0
119;55400;INTARIAN_PEPPER_ROOT;13048;12;;;;;13062;12;13066;23;;;13055.0;0.0
119;55400;ASH_COATED_OSMIUM;9995;12;9993;27;;;10011;12;10014;27;;;10003.0;0.0
119;55500;ASH_COATED_OSMIUM;9995;14;9992;22;;;10011;14;10013;22;;;10003.0;0.0
119;55500;INTARIAN_PEPPER_ROOT;13048;11;13045;16;;;13063;11;13066;16;;;13055.5;0.0
119;55600;INTARIAN_PEPPER_ROOT;13049;9;13045;20;;;;;;;;;13049.0;0.0
119;55600;ASH_COATED_OSMIUM;9995;14;9993;23;;;10011;14;10014;23;;;10003.0;0.0
119;55700;INTARIAN_PEPPER_ROOT;13049;8;13045;15;;;13063;8;13066;15;;;13056.0;0.0
119;55700;ASH_COATED_OSMIUM;9995;10;9993;21;;;10014;21;;;;;10004.5;0.0
119;55800;INTARIAN_PEPPER_ROOT;13049;9;13046;25;;;13066;25;;;;;13057.5;0.0
119;55800;ASH_COATED_OSMIUM;;;;;;;10011;12;;;;;10011.0;0.0
119;55900;ASH_COATED_OSMIUM;;;;;;;10012;14;;;;;10012.0;0.0
119;55900;INTARIAN_PEPPER_ROOT;13049;9;13046;20;;;13063;9;13066;20;;;13056.0;0.0
119;56000;INTARIAN_PEPPER_ROOT;13049;9;13046;22;;;13063;9;13066;22;;;13056.0;0.0
119;56000;ASH_COATED_OSMIUM;9996;11;9994;24;;;10006;2;10012;11;;;10001.0;0.0
119;56100;INTARIAN_PEPPER_ROOT;13049;12;13046;18;;;13063;12;13066;18;;;13056.0;0.0
119;56100;ASH_COATED_OSMIUM;9994;27;;;;;10012;11;10015;27;;;10003.0;0.0
119;56200;INTARIAN_PEPPER_ROOT;13049;11;13046;20;;;13063;11;13066;20;;;13056.0;0.0
119;56200;ASH_COATED_OSMIUM;9997;13;9994;30;;;10015;30;;;;;10006.0;0.0
119;56300;ASH_COATED_OSMIUM;9997;14;9995;28;;;10013;14;;;;;10005.0;0.0
119;56300;INTARIAN_PEPPER_ROOT;13049;9;;;;;;;;;;;13049.0;0.0
119;56400;INTARIAN_PEPPER_ROOT;13049;12;13046;25;;;13063;12;13067;25;;;13056.0;0.0
119;56400;ASH_COATED_OSMIUM;10007;9;;;;;10014;10;10016;27;;;10010.5;0.0
119;56500;INTARIAN_PEPPER_ROOT;13049;10;13046;16;;;13064;10;;;;;13056.5;0.0
119;56500;ASH_COATED_OSMIUM;9998;14;9995;21;;;10014;14;10016;21;;;10006.0;0.0
119;56600;INTARIAN_PEPPER_ROOT;13050;11;13046;18;;;13067;18;;;;;13058.5;0.0
119;56600;ASH_COATED_OSMIUM;9998;10;9995;28;;;10014;10;10016;28;;;10006.0;0.0
119;56700;ASH_COATED_OSMIUM;9998;12;9996;27;;;10017;27;;;;;10007.5;0.0
119;56700;INTARIAN_PEPPER_ROOT;13050;8;;;;;13064;8;13067;17;;;13057.0;0.0
119;56800;INTARIAN_PEPPER_ROOT;13047;19;;;;;13064;10;;;;;13055.5;0.0
119;56800;ASH_COATED_OSMIUM;9998;14;9995;23;;;10014;14;;;;;10006.0;0.0
119;56900;INTARIAN_PEPPER_ROOT;13047;19;;;;;13064;8;13067;19;;;13055.5;0.0
119;56900;ASH_COATED_OSMIUM;9998;10;9995;20;;;10014;10;10016;20;;;10006.0;0.0
119;57000;ASH_COATED_OSMIUM;10007;6;9995;20;;;10014;15;;;;;10010.5;0.0
119;57000;INTARIAN_PEPPER_ROOT;13050;9;13047;17;;;13064;9;13067;17;;;13057.0;0.0
119;57100;ASH_COATED_OSMIUM;9997;12;9995;24;;;10013;12;10016;24;;;10005.0;0.0
119;57100;INTARIAN_PEPPER_ROOT;13050;12;13047;15;;;13064;12;13067;15;;;13057.0;0.0
119;57200;ASH_COATED_OSMIUM;9997;13;9995;25;;;10013;13;10016;25;;;10005.0;0.0
119;57200;INTARIAN_PEPPER_ROOT;13050;11;13047;22;;;13064;11;13067;22;;;13057.0;0.0
119;57300;INTARIAN_PEPPER_ROOT;13050;9;13047;19;;;13064;9;13068;19;;;13057.0;0.0
119;57300;ASH_COATED_OSMIUM;9997;11;;;;;10003;9;10013;11;10016;30;10000.0;0.0
119;57400;ASH_COATED_OSMIUM;9997;13;9995;27;;;10016;27;;;;;10006.5;0.0
119;57400;INTARIAN_PEPPER_ROOT;13050;11;13047;25;;;13064;11;13068;25;;;13057.0;0.0
119;57500;ASH_COATED_OSMIUM;9995;21;;;;;10013;14;10016;21;;;10004.0;0.0
119;57500;INTARIAN_PEPPER_ROOT;13050;10;13047;19;;;13065;10;13068;19;;;13057.5;0.0
119;57600;INTARIAN_PEPPER_ROOT;13051;12;13047;16;;;13065;12;13068;16;;;13058.0;0.0
119;57600;ASH_COATED_OSMIUM;;;;;;;10016;20;;;;;10016.0;0.0
119;57700;INTARIAN_PEPPER_ROOT;13047;19;;;;;13065;9;13068;19;;;13056.0;0.0
119;57700;ASH_COATED_OSMIUM;9997;12;9995;21;;;10013;12;10016;21;;;10005.0;0.0
119;57800;INTARIAN_PEPPER_ROOT;;;;;;;13065;10;13068;20;;;13065.0;0.0
119;57800;ASH_COATED_OSMIUM;9997;15;9994;26;;;10015;26;;;;;10006.0;0.0
119;57900;ASH_COATED_OSMIUM;9997;15;9994;26;;;10015;26;;;;;10006.0;0.0
119;57900;INTARIAN_PEPPER_ROOT;13051;8;13048;23;;;13065;8;13068;23;;;13058.0;0.0
119;58000;INTARIAN_PEPPER_ROOT;;;;;;;13065;9;13068;16;;;13065.0;0.0
119;58000;ASH_COATED_OSMIUM;9996;15;9993;28;;;10012;15;;;;;10004.0;0.0
119;58100;INTARIAN_PEPPER_ROOT;13048;21;;;;;13065;12;13068;21;;;13056.5;0.0
119;58100;ASH_COATED_OSMIUM;9996;12;9994;20;;;10012;12;10015;20;;;10004.0;0.0
119;58200;INTARIAN_PEPPER_ROOT;13051;8;13048;21;;;13068;21;;;;;13059.5;0.0
119;58200;ASH_COATED_OSMIUM;9997;13;9994;27;;;10013;13;10015;27;;;10005.0;0.0
119;58300;ASH_COATED_OSMIUM;9997;10;;;;;;;;;;;9997.0;0.0
119;58300;INTARIAN_PEPPER_ROOT;13048;17;;;;;13065;11;13069;17;;;13056.5;0.0
119;58400;INTARIAN_PEPPER_ROOT;13051;11;13048;17;;;13065;11;;;;;13058.0;0.0
119;58400;ASH_COATED_OSMIUM;9995;25;;;;;10016;25;;;;;10005.5;0.0
119;58500;INTARIAN_PEPPER_ROOT;13051;11;13048;19;;;13066;11;;;;;13058.5;0.0
119;58500;ASH_COATED_OSMIUM;9997;11;9995;20;;;10013;11;10016;20;;;10005.0;0.0
119;58600;INTARIAN_PEPPER_ROOT;13052;12;;;;;;;;;;;13052.0;0.0
119;58600;ASH_COATED_OSMIUM;9997;14;;;;;10013;14;10016;22;;;10005.0;0.0
119;58700;ASH_COATED_OSMIUM;9995;29;;;;;10013;15;10016;29;;;10004.0;0.0
119;58700;INTARIAN_PEPPER_ROOT;13052;10;13048;25;;;13066;10;13069;25;;;13059.0;0.0
119;58800;INTARIAN_PEPPER_ROOT;13052;11;13049;20;;;13069;20;;;;;13060.5;0.0
119;58800;ASH_COATED_OSMIUM;9997;12;9995;30;;;;;;;;;9997.0;0.0
119;58900;INTARIAN_PEPPER_ROOT;13052;9;13049;25;;;13061;8;13069;25;;;13056.5;0.0
119;58900;ASH_COATED_OSMIUM;9997;11;9995;23;;;10013;11;10016;23;;;10005.0;0.0
119;59000;INTARIAN_PEPPER_ROOT;13049;18;;;;;13066;10;13069;18;;;13057.5;0.0
119;59000;ASH_COATED_OSMIUM;9998;11;;;;;;;;;;;9998.0;0.0
119;59100;ASH_COATED_OSMIUM;9998;12;9995;20;;;10016;20;;;;;10007.0;0.0
119;59100;INTARIAN_PEPPER_ROOT;13052;9;13049;23;;;13066;9;13069;23;;;13059.0;0.0
119;59200;INTARIAN_PEPPER_ROOT;13052;10;;;;;;;;;;;13052.0;0.0
119;59200;ASH_COATED_OSMIUM;9998;15;9996;23;;;10014;15;10017;23;;;10006.0;0.0
119;59300;INTARIAN_PEPPER_ROOT;13052;10;;;;;13066;10;;;;;13059.0;0.0
119;59300;ASH_COATED_OSMIUM;9999;15;9996;22;;;10017;22;;;;;10008.0;0.0
119;59400;INTARIAN_PEPPER_ROOT;13052;9;13049;21;;;13066;9;13070;21;;;13059.0;0.0
119;59400;ASH_COATED_OSMIUM;9998;11;9996;23;;;10014;11;10017;23;;;10006.0;0.0
119;59500;ASH_COATED_OSMIUM;9999;10;9996;22;;;10015;10;;;;;10007.0;0.0
119;59500;INTARIAN_PEPPER_ROOT;13052;10;13049;23;;;13067;10;13070;23;;;13059.5;0.0
119;59600;INTARIAN_PEPPER_ROOT;13053;9;13049;20;;;13055;4;;;;;13054.0;0.0
119;59600;ASH_COATED_OSMIUM;9999;15;9996;24;;;10015;15;10017;24;;;10007.0;0.0
119;59700;INTARIAN_PEPPER_ROOT;13053;10;13049;17;;;13067;10;13070;17;;;13060.0;0.0
119;59700;ASH_COATED_OSMIUM;9999;13;9997;25;;;10015;13;10018;25;;;10007.0;0.0
119;59800;ASH_COATED_OSMIUM;9999;15;9997;22;;;10015;15;10018;22;;;10007.0;0.0
119;59800;INTARIAN_PEPPER_ROOT;13050;25;;;;;13067;11;;;;;13058.5;0.0
119;59900;ASH_COATED_OSMIUM;9999;12;;;;;10015;12;10017;23;;;10007.0;0.0
119;59900;INTARIAN_PEPPER_ROOT;13053;12;13050;22;;;13067;12;13070;22;;;13060.0;0.0
119;60000;ASH_COATED_OSMIUM;9999;12;9996;25;;;10015;12;10017;25;;;10007.0;0.0
119;60000;INTARIAN_PEPPER_ROOT;13053;8;13050;17;;;13067;8;13070;17;;;13060.0;0.0
119;60100;INTARIAN_PEPPER_ROOT;13053;12;;;;;13067;12;13070;17;;;13060.0;0.0
119;60100;ASH_COATED_OSMIUM;9998;12;;;;;10014;12;10017;27;;;10006.0;0.0
119;60200;ASH_COATED_OSMIUM;9998;13;9996;25;;;10017;25;;;;;10007.5;0.0
119;60200;INTARIAN_PEPPER_ROOT;;;;;;;13067;11;;;;;13067.0;0.0
119;60300;ASH_COATED_OSMIUM;9998;15;9996;23;;;10017;23;;;;;10007.5;0.0
119;60300;INTARIAN_PEPPER_ROOT;13053;10;13050;18;;;13056;5;13067;10;;;13054.5;0.0
119;60400;ASH_COATED_OSMIUM;9998;14;;;;;10014;14;10017;22;;;10006.0;0.0
119;60400;INTARIAN_PEPPER_ROOT;13053;11;;;;;13067;11;13071;18;;;13060.0;0.0
119;60500;INTARIAN_PEPPER_ROOT;13050;15;;;;;13068;10;13071;15;;;13059.0;0.0
119;60500;ASH_COATED_OSMIUM;9996;25;;;;;10014;12;;;;;10005.0;0.0
119;60600;ASH_COATED_OSMIUM;9999;14;9996;21;;;10015;14;10017;21;;;10007.0;0.0
119;60600;INTARIAN_PEPPER_ROOT;13054;8;13050;20;;;13068;8;;;;;13061.0;0.0
119;60700;ASH_COATED_OSMIUM;9999;14;9996;24;;;10015;14;10017;24;;;10007.0;0.0
119;60700;INTARIAN_PEPPER_ROOT;13054;10;13050;19;;;13068;10;13071;19;;;13061.0;0.0
119;60800;ASH_COATED_OSMIUM;9999;15;9996;26;;;10015;15;;;;;10007.0;0.0
119;60800;INTARIAN_PEPPER_ROOT;13054;11;13051;17;;;13068;11;;;;;13061.0;0.0
119;60900;INTARIAN_PEPPER_ROOT;13051;17;;;;;13068;8;13071;17;;;13059.5;0.0
119;60900;ASH_COATED_OSMIUM;9999;12;9997;29;;;10015;12;10018;29;;;10007.0;0.0
119;61000;ASH_COATED_OSMIUM;9999;15;9997;25;;;10015;15;10018;25;;;10007.0;0.0
119;61000;INTARIAN_PEPPER_ROOT;13051;17;;;;;13071;17;;;;;13061.0;0.0
119;61100;ASH_COATED_OSMIUM;9999;15;;;;;10017;29;;;;;10008.0;0.0
119;61100;INTARIAN_PEPPER_ROOT;13051;16;;;;;13068;12;;;;;13059.5;0.0
119;61200;ASH_COATED_OSMIUM;9999;11;;;;;;;;;;;9999.0;0.0
119;61200;INTARIAN_PEPPER_ROOT;13054;9;;;;;13068;9;13071;18;;;13061.0;0.0
119;61300;ASH_COATED_OSMIUM;9999;14;9996;27;;;10015;14;10017;27;;;10007.0;0.0
119;61300;INTARIAN_PEPPER_ROOT;13054;9;13051;17;;;13068;9;13072;17;;;13061.0;0.0
119;61400;INTARIAN_PEPPER_ROOT;13054;11;13051;20;;;13068;11;13072;20;;;13061.0;0.0
119;61400;ASH_COATED_OSMIUM;9999;13;9996;28;;;10015;13;10017;28;;;10007.0;0.0
119;61500;ASH_COATED_OSMIUM;9999;15;9996;22;;;;;;;;;9999.0;0.0
119;61500;INTARIAN_PEPPER_ROOT;13054;11;;;;;13069;11;13072;19;;;13061.5;0.0
119;61600;ASH_COATED_OSMIUM;;;;;;;10015;13;10017;27;;;10015.0;0.0
119;61600;INTARIAN_PEPPER_ROOT;13051;24;;;;;13069;9;13072;24;;;13060.0;0.0
119;61700;ASH_COATED_OSMIUM;9999;10;9996;21;;;10015;10;10017;21;;;10007.0;0.0
119;61700;INTARIAN_PEPPER_ROOT;13055;11;13051;25;;;13069;11;13072;25;;;13062.0;0.0
119;61800;INTARIAN_PEPPER_ROOT;13052;23;;;;;13069;12;13072;23;;;13060.5;0.0
119;61800;ASH_COATED_OSMIUM;9999;14;;;;;10015;14;10017;24;;;10007.0;0.0
119;61900;ASH_COATED_OSMIUM;9999;13;9996;28;;;10015;13;10017;28;;;10007.0;0.0
119;61900;INTARIAN_PEPPER_ROOT;13055;12;13052;23;;;13072;23;;;;;13063.5;0.0
119;62000;ASH_COATED_OSMIUM;9998;10;9996;24;;;10014;10;10017;24;;;10006.0;0.0
119;62000;INTARIAN_PEPPER_ROOT;13055;10;;;;;13069;10;13072;17;;;13062.0;0.0
119;62100;INTARIAN_PEPPER_ROOT;13055;10;13052;22;;;13069;10;13072;22;;;13062.0;0.0
119;62100;ASH_COATED_OSMIUM;9998;11;9995;25;;;10014;11;;;;;10006.0;0.0
119;62200;INTARIAN_PEPPER_ROOT;13055;12;13052;20;;;;;;;;;13055.0;0.0
119;62200;ASH_COATED_OSMIUM;9998;12;;;;;10014;12;10017;22;;;10006.0;0.0
119;62300;INTARIAN_PEPPER_ROOT;13052;17;;;;;13069;12;13073;17;;;13060.5;0.0
119;62300;ASH_COATED_OSMIUM;9998;13;9995;21;;;10014;13;10016;21;;;10006.0;0.0
119;62400;ASH_COATED_OSMIUM;9998;10;9996;24;;;10014;10;10017;24;;;10006.0;0.0
119;62400;INTARIAN_PEPPER_ROOT;13055;8;13052;17;;;13069;8;;;;;13062.0;0.0
119;62500;INTARIAN_PEPPER_ROOT;13055;11;;;;;13070;11;13073;19;;;13062.5;0.0
119;62500;ASH_COATED_OSMIUM;9998;13;9995;25;;;10014;13;10016;25;;;10006.0;0.0
119;62600;INTARIAN_PEPPER_ROOT;13056;11;13052;23;;;13073;23;;;;;13064.5;0.0
119;62600;ASH_COATED_OSMIUM;9997;11;9995;21;;;10013;11;10016;21;;;10005.0;0.0
119;62700;INTARIAN_PEPPER_ROOT;13052;17;;;;;13070;11;;;;;13061.0;0.0
119;62700;ASH_COATED_OSMIUM;9997;10;;;;;10013;10;;;;;10005.0;0.0
119;62800;ASH_COATED_OSMIUM;9998;12;9995;22;;;10014;12;10016;22;;;10006.0;0.0
119;62800;INTARIAN_PEPPER_ROOT;13056;12;13053;18;;;13070;12;;;;;13063.0;0.0
119;62900;INTARIAN_PEPPER_ROOT;13056;9;13053;17;;;;;;;;;13056.0;0.0
119;62900;ASH_COATED_OSMIUM;9998;10;9996;20;;;10017;20;;;;;10007.5;0.0
119;63000;INTARIAN_PEPPER_ROOT;13056;9;;;;;13070;9;13073;18;;;13063.0;0.0
119;63000;ASH_COATED_OSMIUM;9996;30;;;;;10015;14;10017;30;;;10005.5;0.0
119;63100;INTARIAN_PEPPER_ROOT;13056;8;13053;15;;;13070;8;13073;15;;;13063.0;0.0
119;63100;ASH_COATED_OSMIUM;9999;14;9996;30;;;10015;14;;;;;10007.0;0.0
119;63200;ASH_COATED_OSMIUM;9996;24;;;;;10015;15;;;;;10005.5;0.0
119;63200;INTARIAN_PEPPER_ROOT;13056;9;13053;17;;;13070;9;;;;;13063.0;0.0
119;63300;INTARIAN_PEPPER_ROOT;13056;10;13053;24;;;13074;24;;;;;13065.0;0.0
119;63300;ASH_COATED_OSMIUM;9999;15;9996;30;;;10017;30;;;;;10008.0;0.0
119;63400;INTARIAN_PEPPER_ROOT;13053;25;;;;;13070;9;13074;25;;;13061.5;0.0
119;63400;ASH_COATED_OSMIUM;;;;;;;10015;15;10017;22;;;10015.0;0.0
119;63500;INTARIAN_PEPPER_ROOT;13056;11;;;;;13071;11;13074;16;;;13063.5;0.0
119;63500;ASH_COATED_OSMIUM;9996;28;;;;;10015;12;10017;28;;;10005.5;0.0
119;63600;ASH_COATED_OSMIUM;9996;22;;;;;;;;;;;9996.0;0.0
119;63600;INTARIAN_PEPPER_ROOT;13053;24;;;;;13071;9;13074;24;;;13062.0;0.0
119;63700;INTARIAN_PEPPER_ROOT;13057;8;13053;15;;;13071;8;13074;15;;;13064.0;0.0
119;63700;ASH_COATED_OSMIUM;9998;10;9996;21;;;10014;10;10017;21;;;10006.0;0.0
119;63800;INTARIAN_PEPPER_ROOT;;;;;;;13071;8;13074;15;;;13071.0;0.0
119;63800;ASH_COATED_OSMIUM;9998;13;9996;27;;;;;;;;;9998.0;0.0
119;63900;INTARIAN_PEPPER_ROOT;13057;8;13054;20;;;13074;20;;;;;13065.5;0.0
119;63900;ASH_COATED_OSMIUM;9998;15;9996;22;;;10014;15;10017;22;;;10006.0;0.0
119;64000;ASH_COATED_OSMIUM;9995;30;;;;;10014;11;10016;30;;;10004.5;0.0
119;64000;INTARIAN_PEPPER_ROOT;13057;12;;;;;13071;12;;;;;13064.0;0.0
119;64100;INTARIAN_PEPPER_ROOT;13057;12;13054;17;;;13074;17;;;;;13065.5;0.0
119;64100;ASH_COATED_OSMIUM;9998;12;9995;26;;;10014;12;10016;26;;;10006.0;0.0
119;64200;INTARIAN_PEPPER_ROOT;13068;6;13057;10;13054;25;13071;10;13074;25;;;13069.5;0.0
119;64200;ASH_COATED_OSMIUM;9997;13;;;;;10013;13;10016;25;;;10005.0;0.0
119;64300;INTARIAN_PEPPER_ROOT;13054;24;;;;;13075;24;;;;;13064.5;0.0
119;64300;ASH_COATED_OSMIUM;9997;12;9995;20;;;10013;12;10016;20;;;10005.0;0.0
119;64400;INTARIAN_PEPPER_ROOT;13057;11;13054;22;;;13071;11;13075;22;;;13064.0;0.0
119;64400;ASH_COATED_OSMIUM;9997;12;;;;;10013;12;10016;27;;;10005.0;0.0
119;64500;ASH_COATED_OSMIUM;9997;10;9995;20;;;10013;10;10016;20;;;10005.0;0.0
119;64500;INTARIAN_PEPPER_ROOT;13057;11;13054;19;;;13072;11;13075;19;;;13064.5;0.0
119;64600;INTARIAN_PEPPER_ROOT;13058;11;13054;25;;;13072;11;13075;25;;;13065.0;0.0
119;64600;ASH_COATED_OSMIUM;9997;13;9995;27;;;10013;13;10016;27;;;10005.0;0.0
119;64700;INTARIAN_PEPPER_ROOT;13054;24;;;;;;;;;;;13054.0;0.0
119;64700;ASH_COATED_OSMIUM;9998;12;9995;28;;;10016;28;;;;;10007.0;0.0
119;64800;INTARIAN_PEPPER_ROOT;13058;8;13055;20;;;13072;8;13075;20;;;13065.0;0.0
119;64800;ASH_COATED_OSMIUM;9998;11;9995;20;;;10014;11;10016;20;;;10006.0;0.0
119;64900;ASH_COATED_OSMIUM;9997;14;9995;30;;;;;;;;;9997.0;0.0
119;64900;INTARIAN_PEPPER_ROOT;13058;12;13055;23;;;13072;12;13075;23;;;13065.0;0.0
119;65000;INTARIAN_PEPPER_ROOT;13058;12;13055;24;;;13075;24;;;;;13066.5;0.0
119;65000;ASH_COATED_OSMIUM;9997;15;9995;26;;;10016;26;;;;;10006.5;0.0
119;65100;INTARIAN_PEPPER_ROOT;13058;10;13055;21;;;13072;10;13075;21;;;13065.0;0.0
119;65100;ASH_COATED_OSMIUM;;;;;;;10013;12;;;;;10013.0;0.0
119;65200;INTARIAN_PEPPER_ROOT;13062;8;13058;9;13055;15;13072;9;13075;15;;;13067.0;0.0
119;65200;ASH_COATED_OSMIUM;9997;12;9994;28;;;10013;12;10016;28;;;10005.0;0.0
119;65300;ASH_COATED_OSMIUM;9997;14;9994;29;;;10013;14;;;;;10005.0;0.0
119;65300;INTARIAN_PEPPER_ROOT;13055;21;;;;;13072;11;13076;21;;;13063.5;0.0
119;65400;INTARIAN_PEPPER_ROOT;13058;10;13055;17;;;13072;10;13076;17;;;13065.0;0.0
119;65400;ASH_COATED_OSMIUM;9997;12;9995;21;;;10013;12;;;;;10005.0;0.0
119;65500;INTARIAN_PEPPER_ROOT;13058;9;;;;;13073;9;13076;20;;;13065.5;0.0
119;65500;ASH_COATED_OSMIUM;9997;14;9995;20;;;10013;14;;;;;10005.0;0.0
119;65600;INTARIAN_PEPPER_ROOT;13055;19;;;;;13073;11;13076;19;;;13064.0;0.0
119;65600;ASH_COATED_OSMIUM;10003;1;9998;15;9995;20;10016;20;;;;;10009.5;0.0
119;65700;ASH_COATED_OSMIUM;10007;7;9998;14;9995;24;10014;14;10016;24;;;10010.5;0.0
119;65700;INTARIAN_PEPPER_ROOT;13055;21;;;;;13061;8;13073;8;13076;21;13058.0;0.0
119;65800;ASH_COATED_OSMIUM;9998;10;;;;;10014;10;10016;30;;;10006.0;0.0
119;65800;INTARIAN_PEPPER_ROOT;13059;11;13056;16;;;13068;10;13073;11;13076;16;13063.5;0.0
119;65900;INTARIAN_PEPPER_ROOT;13059;8;13056;24;;;13073;8;13076;24;;;13066.0;0.0
119;65900;ASH_COATED_OSMIUM;9998;15;9995;24;;;10014;15;;;;;10006.0;0.0
119;66000;ASH_COATED_OSMIUM;9995;24;;;;;10014;14;;;;;10004.5;0.0
119;66000;INTARIAN_PEPPER_ROOT;13059;10;;;;;13073;10;13076;16;;;13066.0;0.0
119;66100;ASH_COATED_OSMIUM;9998;12;;;;;10014;12;10017;23;;;10006.0;0.0
119;66100;INTARIAN_PEPPER_ROOT;13059;11;13056;23;;;13073;11;;;;;13066.0;0.0
119;66200;ASH_COATED_OSMIUM;9998;15;;;;;10016;22;;;;;10007.0;0.0
119;66200;INTARIAN_PEPPER_ROOT;13059;11;13056;15;;;13076;15;;;;;13067.5;0.0
119;66300;INTARIAN_PEPPER_ROOT;13056;18;;;;;13077;18;;;;;13066.5;0.0
119;66300;ASH_COATED_OSMIUM;9998;13;9996;20;;;10014;13;10017;20;;;10006.0;0.0
119;66400;ASH_COATED_OSMIUM;10003;4;9998;13;9995;24;10014;13;10016;24;;;10008.5;0.0
119;66400;INTARIAN_PEPPER_ROOT;13059;9;13056;18;;;13073;9;13077;18;;;13066.0;0.0
119;66500;ASH_COATED_OSMIUM;9995;30;;;;;10014;10;10016;30;;;10004.5;0.0
119;66500;INTARIAN_PEPPER_ROOT;13059;11;13056;23;;;13074;11;13077;23;;;13066.5;0.0
119;66600;INTARIAN_PEPPER_ROOT;13060;8;13056;25;;;13077;25;;;;;13068.5;0.0
119;66600;ASH_COATED_OSMIUM;9998;13;9995;29;;;10014;13;10016;29;;;10006.0;0.0
119;66700;INTARIAN_PEPPER_ROOT;13060;8;13056;15;;;13074;8;13077;15;;;13067.0;0.0
119;66700;ASH_COATED_OSMIUM;;;;;;;10014;11;;;;;10014.0;0.0
119;66800;INTARIAN_PEPPER_ROOT;13060;8;13057;18;;;13074;8;13077;18;;;13067.0;0.0
