timestamp,buyer,seller,symbol,currency,price,quantity,day,aggressor_bucket,bbo_bid,bbo_ask,half_spread,spread,burst_n,burst,fwd_mid_k5,fwd_extract_k5,fwd_hydro_k5,fwd_mid_k20,fwd_extract_k20,fwd_hydro_k20,fwd_mid_k100,fwd_extract_k100,fwd_hydro_k100,session_tert,spread_bin
4500,Mark 01,Mark 22,VEV_5400,XIRECS,18.0,2,1,aggr_sell,18.0,19.0,0.5,1.0,4,1,-0.5,-2.5,-2.0,-0.5,-4.0,-23.5,-3.5,-20.0,-7.0,early,tight
4500,Mark 01,Mark 22,VEV_5500,XIRECS,8.0,2,1,aggr_sell,8.0,9.0,0.5,1.0,4,1,0.0,-2.5,-2.0,-0.5,-4.0,-23.5,-2.0,-20.0,-7.0,early,tight
4500,Mark 01,Mark 22,VEV_6000,XIRECS,0.0,2,1,aggr_sell,0.0,1.0,0.5,1.0,4,1,0.0,-2.5,-2.0,0.0,-4.0,-23.5,0.0,-20.0,-7.0,early,tight
4500,Mark 01,Mark 22,VEV_6500,XIRECS,0.0,2,1,aggr_sell,0.0,1.0,0.5,1.0,4,1,0.0,-2.5,-2.0,0.0,-4.0,-23.5,0.0,-20.0,-7.0,early,tight
5100,Mark 38,Mark 22,HYDROGEL_PACK,XIRECS,9960.0,4,1,aggr_buy,9952.0,9960.0,4.0,8.0,1,0,-4.0,1.0,-4.0,-7.0,-3.5,-7.0,1.0,-17.5,1.0,early,mid
5300,Mark 38,Mark 14,VEV_4000,XIRECS,1264.0,2,1,aggr_buy,1243.0,1264.0,10.5,21.0,1,0,0.0,0.0,-11.0,-7.0,-7.0,-13.0,-20.0,-20.0,-1.0,early,wide
6100,Mark 55,Mark 01,VELVETFRUIT_EXTRACT,XIRECS,5255.0,3,1,aggr_buy,5250.0,5255.0,2.5,5.0,1,0,-2.0,-2.0,-2.0,-5.0,-5.0,-4.0,-21.0,-21.0,6.0,early,mid
6200,Mark 38,Mark 14,HYDROGEL_PACK,XIRECS,9955.0,5,1,aggr_buy,9939.0,9955.0,8.0,16.0,1,0,-2.0,-2.5,-2.0,-2.0,-7.0,-2.0,9.0,-20.0,9.0,early,wide
9400,Mark 55,Mark 49,VELVETFRUIT_EXTRACT,XIRECS,5244.0,8,1,aggr_buy,5243.0,5244.0,0.5,1.0,1,0,1.5,1.5,-0.5,0.0,0.0,-5.0,-15.0,-15.0,0.0,early,tight
9600,Mark 01,Mark 22,VEV_5400,XIRECS,16.0,4,1,aggr_sell,16.0,18.0,1.0,2.0,4,1,-0.5,-2.5,0.0,-1.0,-5.0,2.0,-3.5,-17.5,1.0,early,tight
9600,Mark 01,Mark 22,VEV_5500,XIRECS,7.0,4,1,aggr_sell,7.0,8.0,0.5,1.0,4,1,0.0,-2.5,0.0,0.0,-5.0,2.0,-1.0,-17.5,1.0,early,tight
9600,Mark 01,Mark 22,VEV_6000,XIRECS,0.0,4,1,aggr_sell,0.0,1.0,0.5,1.0,4,1,0.0,-2.5,0.0,0.0,-5.0,2.0,0.0,-17.5,1.0,early,tight
9600,Mark 01,Mark 22,VEV_6500,XIRECS,0.0,4,1,aggr_sell,0.0,1.0,0.5,1.0,4,1,0.0,-2.5,0.0,0.0,-5.0,2.0,0.0,-17.5,1.0,early,tight
10400,Mark 67,Mark 49,VELVETFRUIT_EXTRACT,XIRECS,5240.0,12,1,aggr_buy,5239.0,5240.0,0.5,1.0,1,0,4.0,4.0,-2.0,2.0,2.0,8.0,-11.0,-11.0,7.0,early,tight
11800,Mark 01,Mark 22,VEV_5500,XIRECS,7.0,4,1,aggr_sell,7.0,8.0,0.5,1.0,3,1,0.0,0.0,2.0,-1.0,-3.0,15.0,-1.0,-12.0,7.0,early,tight
11800,Mark 01,Mark 22,VEV_6000,XIRECS,0.0,4,1,aggr_sell,0.0,1.0,0.5,1.0,3,1,0.0,0.0,2.0,0.0,-3.0,15.0,0.0,-12.0,7.0,early,tight
11800,Mark 01,Mark 22,VEV_6500,XIRECS,0.0,4,1,aggr_sell,0.0,1.0,0.5,1.0,3,1,0.0,0.0,2.0,0.0,-3.0,15.0,0.0,-12.0,7.0,early,tight
14300,Mark 55,Mark 01,VELVETFRUIT_EXTRACT,XIRECS,5238.0,6,1,aggr_buy,5233.0,5238.0,2.5,5.0,1,0,-1.0,-1.0,-3.0,-5.5,-5.5,-4.0,-1.0,-1.0,-6.0,early,mid
14800,Mark 01,Mark 55,VELVETFRUIT_EXTRACT,XIRECS,5232.0,6,1,aggr_sell,5232.0,5237.0,2.5,5.0,6,1,-1.0,-1.0,0.0,-4.0,-4.0,-6.5,-1.0,-1.0,-4.0,early,mid
14800,Mark 01,Mark 22,VEV_5300,XIRECS,42.0,4,1,aggr_sell,42.0,44.0,1.0,2.0,6,1,0.0,-1.0,0.0,-1.0,-4.0,-6.5,0.0,-1.0,-4.0,early,tight
14800,Mark 01,Mark 22,VEV_5400,XIRECS,14.0,4,1,aggr_sell,14.0,16.0,1.0,2.0,6,1,-0.5,-1.0,0.0,-0.5,-4.0,-6.5,-0.5,-1.0,-4.0,early,tight
14800,Mark 01,Mark 22,VEV_5500,XIRECS,6.0,4,1,aggr_sell,6.0,7.0,0.5,1.0,6,1,0.0,-1.0,0.0,0.0,-4.0,-6.5,0.0,-1.0,-4.0,early,tight
14800,Mark 01,Mark 22,VEV_6000,XIRECS,0.0,4,1,aggr_sell,0.0,1.0,0.5,1.0,6,1,0.0,-1.0,0.0,0.0,-4.0,-6.5,0.0,-1.0,-4.0,early,tight
14800,Mark 01,Mark 22,VEV_6500,XIRECS,0.0,4,1,aggr_sell,0.0,1.0,0.5,1.0,6,1,0.0,-1.0,0.0,0.0,-4.0,-6.5,0.0,-1.0,-4.0,early,tight
15000,Mark 38,Mark 14,HYDROGEL_PACK,XIRECS,9966.0,4,1,aggr_buy,9951.0,9966.0,7.5,15.0,1,0,-1.5,-2.0,-1.5,-11.5,-4.0,-11.5,-6.5,-2.0,-6.5,early,mid
16700,Mark 14,Mark 38,VEV_4000,XIRECS,1221.0,2,1,aggr_sell,1221.0,1231.0,5.0,10.0,6,1,6.5,1.0,-7.0,2.0,-4.5,-4.0,4.5,-1.0,-8.0,early,mid
16700,Mark 01,Mark 22,VEV_5300,XIRECS,41.0,2,1,aggr_sell,41.0,43.0,1.0,2.0,6,1,0.0,1.0,-7.0,-1.0,-4.5,-4.0,-1.0,-1.0,-8.0,early,tight
16700,Mark 01,Mark 22,VEV_5400,XIRECS,14.0,2,1,aggr_sell,14.0,15.0,0.5,1.0,6,1,0.0,1.0,-7.0,-1.0,-4.5,-4.0,-0.5,-1.0,-8.0,early,tight
16700,Mark 01,Mark 22,VEV_5500,XIRECS,6.0,2,1,aggr_sell,6.0,7.0,0.5,1.0,6,1,0.0,1.0,-7.0,-0.5,-4.5,-4.0,0.0,-1.0,-8.0,early,tight
16700,Mark 01,Mark 22,VEV_6000,XIRECS,0.0,2,1,aggr_sell,0.0,1.0,0.5,1.0,6,1,0.0,1.0,-7.0,0.0,-4.5,-4.0,0.0,-1.0,-8.0,early,tight
16700,Mark 01,Mark 22,VEV_6500,XIRECS,0.0,2,1,aggr_sell,0.0,1.0,0.5,1.0,6,1,0.0,1.0,-7.0,0.0,-4.5,-4.0,0.0,-1.0,-8.0,early,tight
17300,Mark 14,Mark 38,VEV_4000,XIRECS,1221.0,1,1,aggr_sell,1221.0,1242.0,10.5,21.0,1,0,2.0,0.5,-0.5,-3.0,-3.0,11.5,4.0,4.0,10.0,early,wide
17400,Mark 67,Mark 22,VELVETFRUIT_EXTRACT,XIRECS,5230.0,8,1,aggr_buy,5228.0,5230.0,1.0,2.0,1,0,4.0,4.0,4.0,-0.5,-0.5,7.0,7.5,7.5,5.0,early,tight
17900,Mark 38,Mark 14,VEV_4000,XIRECS,1243.0,1,1,aggr_buy,1223.0,1243.0,10.0,20.0,1,0,-3.5,-3.5,-4.0,-6.5,-6.5,8.0,4.5,4.5,-3.0,early,wide
19300,Mark 14,Mark 55,VELVETFRUIT_EXTRACT,XIRECS,5226.0,5,1,aggr_sell,5226.0,5231.0,2.5,5.0,1,0,0.0,0.0,-0.5,0.0,0.0,9.5,11.0,11.0,-5.5,early,mid
20200,Mark 14,Mark 55,VELVETFRUIT_EXTRACT,XIRECS,5224.0,5,1,aggr_sell,5224.0,5229.0,2.5,5.0,1,0,1.0,1.0,7.0,1.0,1.0,6.0,11.0,11.0,-8.0,early,mid
22800,Mark 14,Mark 38,HYDROGEL_PACK,XIRECS,9946.0,6,1,aggr_sell,9946.0,9962.0,8.0,16.0,1,0,-3.0,0.0,-3.0,-1.0,2.0,-1.0,2.0,5.5,2.0,early,wide
25700,Mark 38,Mark 14,VEV_4000,XIRECS,1241.0,3,1,aggr_buy,1221.0,1241.0,10.0,20.0,1,0,-0.5,-1.0,-8.0,7.5,7.0,-7.0,3.0,3.0,2.0,early,wide
29300,Mark 14,Mark 55,VELVETFRUIT_EXTRACT,XIRECS,5237.0,4,1,aggr_sell,5237.0,5242.0,2.5,5.0,1,0,2.0,2.0,-2.0,-7.5,-7.5,1.0,-5.0,-5.0,3.5,early,mid
30800,Mark 14,Mark 38,HYDROGEL_PACK,XIRECS,9940.0,2,1,aggr_sell,9940.0,9956.0,8.0,16.0,1,0,-1.0,-2.5,-1.0,8.0,2.5,8.0,-3.0,-3.0,-3.0,early,wide
31400,Mark 38,Mark 14,HYDROGEL_PACK,XIRECS,9953.0,3,1,aggr_buy,9937.0,9953.0,8.0,16.0,1,0,0.5,5.0,0.5,10.0,7.0,10.0,-1.0,-4.0,-1.0,early,wide
31700,Mark 55,Mark 01,VELVETFRUIT_EXTRACT,XIRECS,5237.0,4,1,aggr_buy,5232.0,5237.0,2.5,5.0,1,0,1.5,1.5,0.0,1.0,1.0,8.0,-6.5,-6.5,-5.0,early,mid
32000,Mark 14,Mark 38,HYDROGEL_PACK,XIRECS,9938.0,5,1,aggr_sell,9938.0,9954.0,8.0,16.0,1,0,6.0,2.0,6.0,5.0,-1.0,5.0,5.0,-7.0,5.0,early,wide
32600,Mark 55,Mark 01,VELVETFRUIT_EXTRACT,XIRECS,5240.0,5,1,aggr_buy,5235.0,5240.0,2.5,5.0,1,0,2.5,2.5,-1.0,-2.5,-2.5,-4.0,-7.0,-7.0,8.0,early,mid
32800,Mark 67,Mark 22,VELVETFRUIT_EXTRACT,XIRECS,5238.0,7,1,aggr_buy,5236.0,5238.0,1.0,2.0,1,0,2.5,2.5,-1.0,-1.5,-1.5,-5.0,-5.5,-5.5,-2.0,early,tight
33600,Mark 14,Mark 38,HYDROGEL_PACK,XIRECS,9948.0,6,1,aggr_sell,9948.0,9964.0,8.0,16.0,1,0,-6.0,-4.5,-6.0,-2.0,-3.0,-2.0,6.5,-5.0,6.5,early,wide
36200,Mark 38,Mark 14,VEV_4000,XIRECS,1244.0,3,1,aggr_buy,1223.0,1244.0,10.5,21.0,1,0,-0.5,-0.5,-3.0,-1.5,-0.5,1.0,15.0,15.0,24.0,early,wide
36500,Mark 22,Mark 55,VELVETFRUIT_EXTRACT,XIRECS,5232.0,7,1,aggr_sell,5232.0,5235.0,1.5,3.0,1,0,-3.0,-3.0,-4.0,-2.0,-2.0,-7.0,13.0,13.0,23.0,early,mid
37400,Mark 14,Mark 38,HYDROGEL_PACK,XIRECS,9936.0,4,1,aggr_sell,9936.0,9952.0,8.0,16.0,1,0,7.0,-1.5,7.0,-1.0,0.0,-1.0,25.0,13.5,25.0,early,wide
38500,Mark 01,Mark 22,VEV_5500,XIRECS,6.0,5,1,aggr_sell,6.0,7.0,0.5,1.0,3,1,0.0,2.0,6.0,0.0,2.0,-2.0,1.0,13.0,22.0,early,tight
38500,Mark 01,Mark 22,VEV_6000,XIRECS,0.0,5,1,aggr_sell,0.0,1.0,0.5,1.0,3,1,0.0,2.0,6.0,0.0,2.0,-2.0,0.0,13.0,22.0,early,tight
38500,Mark 01,Mark 22,VEV_6500,XIRECS,0.0,5,1,aggr_sell,0.0,1.0,0.5,1.0,3,1,0.0,2.0,6.0,0.0,2.0,-2.0,0.0,13.0,22.0,early,tight
38700,Mark 01,Mark 55,VELVETFRUIT_EXTRACT,XIRECS,5228.0,8,1,aggr_sell,5228.0,5234.0,3.0,6.0,1,0,3.5,3.5,5.0,1.0,1.0,-1.0,14.5,14.5,22.0,early,mid
39400,Mark 22,Mark 49,VELVETFRUIT_EXTRACT,XIRECS,5234.0,5,1,aggr_buy,5232.0,5233.0,0.5,1.0,2,1,2.0,2.0,2.0,-5.0,-5.0,1.0,11.0,11.0,36.0,early,tight
39400,Mark 67,Mark 49,VELVETFRUIT_EXTRACT,XIRECS,5233.0,9,1,aggr_buy,5232.0,5233.0,0.5,1.0,2,1,2.0,2.0,2.0,-5.0,-5.0,1.0,11.0,11.0,36.0,early,tight
39800,Mark 01,Mark 55,VELVETFRUIT_EXTRACT,XIRECS,5232.0,4,1,aggr_sell,5232.0,5238.0,3.0,6.0,1,0,-2.0,-2.0,0.0,-5.5,-5.5,3.0,11.5,11.5,39.0,early,mid
40400,Mark 01,Mark 22,VEV_5300,XIRECS,41.0,4,1,aggr_sell,41.0,43.0,1.0,2.0,5,1,0.0,0.0,0.0,-1.0,-2.0,18.0,5.0,13.0,37.0,early,tight
40400,Mark 01,Mark 22,VEV_5400,XIRECS,14.0,4,1,aggr_sell,14.0,15.0,0.5,1.0,5,1,-0.5,0.0,0.0,-0.5,-2.0,18.0,2.0,13.0,37.0,early,tight
40400,Mark 01,Mark 22,VEV_5500,XIRECS,6.0,4,1,aggr_sell,6.0,7.0,0.5,1.0,5,1,0.0,0.0,0.0,0.0,-2.0,18.0,1.0,13.0,37.0,early,tight
40400,Mark 01,Mark 22,VEV_6000,XIRECS,0.0,4,1,aggr_sell,0.0,1.0,0.5,1.0,5,1,0.0,0.0,0.0,0.0,-2.0,18.0,0.0,13.0,37.0,early,tight
40400,Mark 01,Mark 22,VEV_6500,XIRECS,0.0,4,1,aggr_sell,0.0,1.0,0.5,1.0,5,1,0.0,0.0,0.0,0.0,-2.0,18.0,0.0,13.0,37.0,early,tight
40900,Mark 38,Mark 14,HYDROGEL_PACK,XIRECS,9951.0,5,1,aggr_buy,9935.0,9951.0,8.0,16.0,1,0,1.0,-6.0,1.0,10.0,-2.0,10.0,36.0,9.5,36.0,early,wide
41300,Mark 38,Mark 14,HYDROGEL_PACK,XIRECS,9953.0,5,1,aggr_buy,9937.0,9953.0,8.0,16.0,1,0,1.0,2.0,1.0,14.0,3.5,14.0,31.0,18.0,31.0,early,wide
43400,Mark 01,Mark 22,VEV_5400,XIRECS,13.0,5,1,aggr_sell,13.0,15.0,1.0,2.0,4,1,0.5,3.0,0.0,2.0,8.5,11.0,1.5,11.0,5.0,early,tight
43400,Mark 01,Mark 22,VEV_5500,XIRECS,6.0,5,1,aggr_sell,6.0,7.0,0.5,1.0,4,1,0.0,3.0,0.0,0.5,8.5,11.0,1.0,11.0,5.0,early,tight
43400,Mark 01,Mark 22,VEV_6000,XIRECS,0.0,5,1,aggr_sell,0.0,1.0,0.5,1.0,4,1,0.0,3.0,0.0,0.0,8.5,11.0,0.0,11.0,5.0,early,tight
43400,Mark 01,Mark 22,VEV_6500,XIRECS,0.0,5,1,aggr_sell,0.0,1.0,0.5,1.0,4,1,0.0,3.0,0.0,0.0,8.5,11.0,0.0,11.0,5.0,early,tight
43600,Mark 01,Mark 55,VELVETFRUIT_EXTRACT,XIRECS,5229.0,4,1,aggr_sell,5229.0,5234.0,2.5,5.0,1,0,4.5,4.5,5.5,10.5,10.5,8.5,12.0,12.0,3.5,early,mid
43900,Mark 14,Mark 38,HYDROGEL_PACK,XIRECS,9952.0,6,1,aggr_sell,9952.0,9968.0,8.0,16.0,1,0,7.0,5.0,7.0,9.0,13.0,9.0,6.0,10.0,6.0,early,wide
45200,Mark 14,Mark 38,HYDROGEL_PACK,XIRECS,9961.0,2,1,aggr_sell,9961.0,9977.0,8.0,16.0,1,0,3.0,3.0,3.0,4.0,4.0,4.0,-23.0,4.0,-23.0,early,wide
45400,Mark 67,Mark 22,VELVETFRUIT_EXTRACT,XIRECS,5241.0,8,1,aggr_buy,5239.0,5241.0,1.0,2.0,1,0,7.5,7.5,-2.0,6.0,6.0,-2.0,7.5,7.5,-27.0,early,tight
47700,Mark 01,Mark 55,VELVETFRUIT_EXTRACT,XIRECS,5243.0,4,1,aggr_sell,5243.0,5245.0,1.0,2.0,1,0,0.5,0.5,-2.0,1.5,1.5,14.0,3.5,3.5,-17.0,early,tight
48300,Mark 14,Mark 38,HYDROGEL_PACK,XIRECS,9960.0,3,1,aggr_sell,9960.0,9975.0,7.5,15.0,1,0,-1.5,0.0,-1.5,12.5,0.5,12.5,-13.5,0.0,-13.5,early,wide
48900,Mark 01,Mark 55,VELVETFRUIT_EXTRACT,XIRECS,5241.0,6,1,aggr_sell,5241.0,5246.0,2.5,5.0,1,0,0.0,0.0,11.0,-0.5,-0.5,11.0,2.0,2.0,-13.5,early,mid
49800,Mark 01,Mark 55,VELVETFRUIT_EXTRACT,XIRECS,5244.0,3,1,aggr_sell,5244.0,5249.0,2.5,5.0,1,0,-0.5,-0.5,-2.0,1.0,1.0,-10.0,0.5,0.5,-27.0,early,mid
50200,Mark 14,Mark 38,VEV_4000,XIRECS,1236.0,2,1,aggr_sell,1236.0,1257.0,10.5,21.0,1,0,-7.5,-2.5,-6.0,0.0,0.0,-13.0,1.0,1.0,-26.5,early,wide
50300,Mark 38,Mark 14,VEV_4000,XIRECS,1257.0,3,1,aggr_buy,1236.0,1257.0,10.5,21.0,1,0,-3.0,-1.0,-5.0,1.0,1.5,-9.0,1.0,1.5,-27.0,early,wide
50700,Mark 01,Mark 22,VEV_5400,XIRECS,16.0,5,1,aggr_sell,16.0,17.0,0.5,1.0,4,1,0.0,1.5,0.0,0.5,2.0,-5.0,0.0,2.5,-20.0,early,tight
50700,Mark 01,Mark 22,VEV_5500,XIRECS,7.0,5,1,aggr_sell,7.0,8.0,0.5,1.0,4,1,0.0,1.5,0.0,0.0,2.0,-5.0,0.0,2.5,-20.0,early,tight
50700,Mark 01,Mark 22,VEV_6000,XIRECS,0.0,5,1,aggr_sell,0.0,1.0,0.5,1.0,4,1,0.0,1.5,0.0,0.0,2.0,-5.0,0.0,2.5,-20.0,early,tight
50700,Mark 01,Mark 22,VEV_6500,XIRECS,0.0,5,1,aggr_sell,0.0,1.0,0.5,1.0,4,1,0.0,1.5,0.0,0.0,2.0,-5.0,0.0,2.5,-20.0,early,tight
51700,Mark 14,Mark 55,VELVETFRUIT_EXTRACT,XIRECS,5243.0,4,1,aggr_sell,5243.0,5248.0,2.5,5.0,1,0,1.0,1.0,-3.0,0.0,0.0,-2.0,0.0,0.0,-21.0,early,mid
52400,Mark 14,Mark 38,HYDROGEL_PACK,XIRECS,9961.0,5,1,aggr_sell,9961.0,9977.0,8.0,16.0,1,0,0.0,0.0,0.0,-15.0,-1.0,-15.0,-29.0,-3.0,-29.0,early,wide
52800,Mark 01,Mark 22,VEV_5400,XIRECS,16.0,3,1,aggr_sell,16.0,17.0,0.5,1.0,4,1,0.0,-2.0,-4.0,0.0,-3.0,-21.0,-0.5,-3.5,-28.0,early,tight
52800,Mark 01,Mark 22,VEV_5500,XIRECS,7.0,3,1,aggr_sell,7.0,8.0,0.5,1.0,4,1,0.0,-2.0,-4.0,0.0,-3.0,-21.0,0.0,-3.5,-28.0,early,tight
52800,Mark 01,Mark 22,VEV_6000,XIRECS,0.0,3,1,aggr_sell,0.0,1.0,0.5,1.0,4,1,0.0,-2.0,-4.0,0.0,-3.0,-21.0,0.0,-3.5,-28.0,early,tight
52800,Mark 01,Mark 22,VEV_6500,XIRECS,0.0,3,1,aggr_sell,0.0,1.0,0.5,1.0,4,1,0.0,-2.0,-4.0,0.0,-3.0,-21.0,0.0,-3.5,-28.0,early,tight
53000,Mark 14,Mark 38,HYDROGEL_PACK,XIRECS,9961.0,4,1,aggr_sell,9961.0,9977.0,8.0,16.0,1,0,-1.0,0.0,-1.0,-21.5,0.0,-21.5,-26.5,-3.0,-26.5,early,wide
53400,Mark 14,Mark 22,VEV_5500,XIRECS,7.0,2,1,aggr_sell,7.0,8.0,0.5,1.0,3,1,0.0,2.0,1.0,0.0,5.0,-21.0,0.0,1.0,-28.0,early,tight
53400,Mark 01,Mark 22,VEV_6000,XIRECS,0.0,2,1,aggr_sell,0.0,1.0,0.5,1.0,3,1,0.0,2.0,1.0,0.0,5.0,-21.0,0.0,1.0,-28.0,early,tight
53400,Mark 01,Mark 22,VEV_6500,XIRECS,0.0,2,1,aggr_sell,0.0,1.0,0.5,1.0,3,1,0.0,2.0,1.0,0.0,5.0,-21.0,0.0,1.0,-28.0,early,tight
53800,Mark 38,Mark 14,VEV_4000,XIRECS,1255.0,2,1,aggr_buy,1234.0,1255.0,10.5,21.0,1,0,-1.0,1.0,-15.0,1.0,3.0,-20.0,-2.0,0.0,-29.0,early,wide
54400,Mark 14,Mark 38,VEV_4000,XIRECS,1234.0,3,1,aggr_sell,1234.0,1255.0,10.5,21.0,1,0,-1.0,-1.0,-6.0,1.0,1.0,-1.0,0.0,0.0,-13.5,early,wide
57600,Mark 38,Mark 14,VEV_4000,XIRECS,1257.0,3,1,aggr_buy,1236.0,1257.0,10.5,21.0,1,0,2.0,2.0,1.0,0.0,0.0,2.0,0.0,0.0,0.0,early,wide
59300,Mark 14,Mark 38,HYDROGEL_PACK,XIRECS,9949.0,4,1,aggr_sell,9949.0,9965.0,8.0,16.0,1,0,-2.0,-0.5,-2.0,-5.0,-2.0,-5.0,0.5,-2.0,0.5,early,wide
59600,Mark 14,Mark 55,VELVETFRUIT_EXTRACT,XIRECS,5244.0,4,1,aggr_sell,5244.0,5249.0,2.5,5.0,1,0,0.0,0.0,0.0,-1.0,-1.0,-3.0,-2.0,-2.0,6.0,early,mid
60300,Mark 14,Mark 55,VELVETFRUIT_EXTRACT,XIRECS,5245.0,5,1,aggr_sell,5245.0,5250.0,2.5,5.0,1,0,-1.0,-1.0,3.0,-4.0,-4.0,-11.0,-5.0,-5.0,3.0,early,mid
61100,Mark 38,Mark 14,HYDROGEL_PACK,XIRECS,9961.0,2,1,aggr_buy,9945.0,9961.0,8.0,16.0,1,0,0.0,0.0,0.0,-11.0,-3.5,-11.0,10.0,-4.0,10.0,early,wide
61400,Mark 38,Mark 14,HYDROGEL_PACK,XIRECS,9962.0,2,1,aggr_buy,9946.0,9962.0,8.0,16.0,1,0,-6.0,-2.5,-6.0,-17.0,-3.0,-17.0,7.0,-6.0,7.0,early,wide
62100,Mark 14,Mark 55,VELVETFRUIT_EXTRACT,XIRECS,5243.0,6,1,aggr_sell,5243.0,5248.0,2.5,5.0,1,0,-2.0,-2.0,-6.0,-4.0,-4.0,-6.0,-2.0,-2.0,18.0,early,mid
62600,Mark 38,Mark 14,VEV_4000,XIRECS,1254.0,1,1,aggr_buy,1233.0,1254.0,10.5,21.0,1,0,-1.5,-1.5,3.0,-1.0,-1.0,2.0,-5.0,-5.0,24.0,early,wide
63100,Mark 38,Mark 14,VEV_4000,XIRECS,1252.0,3,1,aggr_buy,1232.0,1252.0,10.0,20.0,1,0,3.5,3.5,-5.0,2.5,2.5,-4.0,-3.5,-3.5,26.0,early,wide
63200,Mark 38,Mark 14,HYDROGEL_PACK,XIRECS,9950.0,5,1,aggr_buy,9934.0,9950.0,8.0,16.0,2,1,-5.0,1.0,-5.0,-5.0,2.0,-5.0,29.0,-5.0,29.0,early,wide
63200,Mark 14,Mark 55,VELVETFRUIT_EXTRACT,XIRECS,5240.0,8,1,aggr_sell,5240.0,5245.0,2.5,5.0,2,1,1.0,1.0,-5.0,2.0,2.0,-5.0,-5.0,-5.0,29.0,early,mid
64200,Mark 55,Mark 14,VELVETFRUIT_EXTRACT,XIRECS,5245.0,6,1,aggr_buy,5240.0,5245.0,2.5,5.0,1,0,1.0,1.0,-4.0,-0.5,-0.5,6.0,-5.5,-5.5,42.0,early,mid
64300,Mark 14,Mark 38,HYDROGEL_PACK,XIRECS,9933.0,4,1,aggr_sell,9933.0,9949.0,8.0,16.0,1,0,-4.0,0.0,-4.0,10.0,-1.0,10.0,42.0,-7.0,42.0,early,wide
65400,Mark 14,Mark 38,HYDROGEL_PACK,XIRECS,9930.0,4,1,aggr_sell,9930.0,9946.0,8.0,16.0,1,0,4.5,-1.0,4.5,18.0,5.0,18.0,45.0,-4.0,45.0,early,wide
65700,Mark 14,Mark 55,VELVETFRUIT_EXTRACT,XIRECS,5240.0,8,1,aggr_sell,5240.0,5245.0,2.5,5.0,1,0,-0.5,-0.5,0.5,6.0,6.0,10.5,-5.0,-5.0,35.5,early,mid
65900,Mark 14,Mark 38,HYDROGEL_PACK,XIRECS,9935.0,2,1,aggr_sell,9935.0,9950.0,7.5,15.0,1,0,6.0,-0.5,6.0,15.5,5.0,15.5,40.5,-4.5,40.5,early,wide
67700,Mark 55,Mark 14,VELVETFRUIT_EXTRACT,XIRECS,5250.0,4,1,aggr_buy,5247.0,5250.0,1.5,3.0,1,0,-2.0,-2.0,2.0,-4.0,-4.0,4.0,-11.0,-11.0,37.0,early,mid
68000,Mark 38,Mark 14,VEV_4000,XIRECS,1258.0,2,1,aggr_buy,1237.0,1258.0,10.5,21.0,1,0,-1.0,-1.0,-2.0,-4.0,-4.0,-4.0,-9.0,-9.0,34.0,early,wide
69500,Mark 14,Mark 38,HYDROGEL_PACK,XIRECS,9952.0,2,1,aggr_sell,9952.0,9967.0,7.5,15.0,1,0,-2.5,0.0,-2.5,5.5,-3.0,5.5,23.5,-3.5,23.5,early,wide
70500,Mark 14,Mark 38,VEV_4000,XIRECS,1232.0,1,1,aggr_sell,1232.0,1252.0,10.0,20.0,1,0,-0.5,-0.5,5.0,-3.0,-3.0,12.0,-4.5,-4.5,26.0,early,wide
73400,Mark 22,Mark 49,VELVETFRUIT_EXTRACT,XIRECS,5237.0,8,1,aggr_buy,5235.0,5236.0,0.5,1.0,2,1,0.0,0.0,8.5,4.0,4.0,11.5,0.0,0.0,7.5,early,tight
73400,Mark 55,Mark 49,VELVETFRUIT_EXTRACT,XIRECS,5236.0,6,1,aggr_buy,5235.0,5236.0,0.5,1.0,2,1,0.0,0.0,8.5,4.0,4.0,11.5,0.0,0.0,7.5,early,tight
73500,Mark 14,Mark 38,HYDROGEL_PACK,XIRECS,9966.0,3,1,aggr_sell,9966.0,9982.0,8.0,16.0,1,0,6.0,0.0,6.0,6.0,1.5,6.0,1.0,-1.0,1.0,early,wide
74100,Mark 01,Mark 22,VEV_5300,XIRECS,42.0,3,1,aggr_sell,42.0,44.0,1.0,2.0,5,1,1.0,4.0,3.0,1.0,3.0,6.0,-2.0,-4.0,-8.0,early,tight
74100,Mark 01,Mark 22,VEV_5400,XIRECS,14.0,3,1,aggr_sell,14.0,15.0,0.5,1.0,5,1,1.0,4.0,3.0,1.0,3.0,6.0,-0.5,-4.0,-8.0,early,tight
74100,Mark 01,Mark 22,VEV_5500,XIRECS,6.0,3,1,aggr_sell,6.0,7.0,0.5,1.0,5,1,0.0,4.0,3.0,0.0,3.0,6.0,0.0,-4.0,-8.0,early,tight
74100,Mark 01,Mark 22,VEV_6000,XIRECS,0.0,3,1,aggr_sell,0.0,1.0,0.5,1.0,5,1,0.0,4.0,3.0,0.0,3.0,6.0,0.0,-4.0,-8.0,early,tight
74100,Mark 01,Mark 22,VEV_6500,XIRECS,0.0,3,1,aggr_sell,0.0,1.0,0.5,1.0,5,1,0.0,4.0,3.0,0.0,3.0,6.0,0.0,-4.0,-8.0,early,tight
74300,Mark 55,Mark 14,VELVETFRUIT_EXTRACT,XIRECS,5238.0,6,1,aggr_buy,5233.0,5238.0,2.5,5.0,1,0,4.5,4.5,-2.0,4.0,4.0,3.0,-3.0,-3.0,-10.0,early,mid
74400,Mark 14,Mark 55,VELVETFRUIT_EXTRACT,XIRECS,5235.0,4,1,aggr_sell,5235.0,5240.0,2.5,5.0,1,0,2.0,2.0,-2.0,0.0,0.0,3.0,-5.0,-5.0,-12.0,early,mid
76600,Mark 38,Mark 14,HYDROGEL_PACK,XIRECS,9995.0,3,1,aggr_buy,9979.0,9995.0,8.0,16.0,1,0,4.0,0.0,4.0,3.0,1.0,3.0,-23.0,-1.0,-23.0,early,wide
77300,Mark 55,Mark 14,VELVETFRUIT_EXTRACT,XIRECS,5241.0,8,1,aggr_buy,5236.0,5241.0,2.5,5.0,1,0,-2.0,-2.0,3.0,1.0,1.0,-4.0,1.0,1.0,-27.0,early,mid
78300,Mark 14,Mark 38,VEV_4000,XIRECS,1229.0,3,1,aggr_sell,1229.0,1250.0,10.5,21.0,1,0,0.0,0.0,-3.0,-2.0,-2.0,-13.0,1.0,1.0,-29.0,early,wide
78400,Mark 67,Mark 22,VELVETFRUIT_EXTRACT,XIRECS,5238.0,7,1,aggr_buy,5236.0,5238.0,1.0,2.0,1,0,0.5,0.5,0.0,0.5,0.5,-13.0,5.5,5.5,-29.0,early,tight
78500,Mark 38,Mark 14,HYDROGEL_PACK,XIRECS,10000.0,4,1,aggr_buy,9984.0,10000.0,8.0,16.0,1,0,-2.5,-2.0,-2.5,-11.0,-3.5,-11.0,-32.0,0.0,-32.0,early,wide
79000,Mark 14,Mark 38,HYDROGEL_PACK,XIRECS,9982.0,3,1,aggr_sell,9982.0,9997.0,7.5,15.0,1,0,-6.5,1.0,-6.5,-7.5,-2.5,-7.5,-22.5,4.0,-22.5,early,wide
79800,Mark 38,Mark 14,HYDROGEL_PACK,XIRECS,9994.0,6,1,aggr_buy,9978.0,9994.0,8.0,16.0,1,0,-6.0,-2.0,-6.0,-16.0,-2.0,-16.0,-21.0,4.0,-21.0,early,wide
81300,Mark 14,Mark 38,HYDROGEL_PACK,XIRECS,9970.0,6,1,aggr_sell,9970.0,9986.0,8.0,16.0,1,0,-8.0,0.0,-8.0,-3.0,-3.5,-3.0,-20.0,4.0,-20.0,early,wide
81700,Mark 38,Mark 14,HYDROGEL_PACK,XIRECS,9980.0,3,1,aggr_buy,9964.0,9980.0,8.0,16.0,1,0,-3.0,0.5,-3.0,1.0,-2.0,1.0,-14.0,3.5,-14.0,early,wide
81900,Mark 38,Mark 14,HYDROGEL_PACK,XIRECS,9978.0,2,1,aggr_buy,9962.0,9978.0,8.0,16.0,1,0,1.0,0.5,1.0,2.0,-3.5,2.0,-11.0,2.5,-11.0,early,wide
82300,Mark 38,Mark 14,HYDROGEL_PACK,XIRECS,9977.0,3,1,aggr_buy,9961.0,9977.0,8.0,16.0,2,1,2.0,-2.0,2.0,4.0,-5.0,4.0,-5.0,5.0,-5.0,early,wide
82300,Mark 01,Mark 55,VELVETFRUIT_EXTRACT,XIRECS,5235.0,3,1,aggr_sell,5235.0,5240.0,2.5,5.0,2,1,-2.0,-2.0,2.0,-5.0,-5.0,4.0,5.0,5.0,-5.0,early,mid
83200,Mark 55,Mark 01,VELVETFRUIT_EXTRACT,XIRECS,5237.0,7,1,aggr_buy,5231.0,5237.0,3.0,6.0,1,0,1.0,1.0,1.0,0.5,0.5,-4.0,10.5,10.5,-8.0,early,mid
84300,Mark 38,Mark 14,VEV_4000,XIRECS,1243.0,1,1,aggr_buy,1222.0,1243.0,10.5,21.0,1,0,2.0,2.0,-4.5,5.0,5.0,-8.0,11.0,11.0,-8.0,early,wide
84600,Mark 67,Mark 22,VELVETFRUIT_EXTRACT,XIRECS,5233.0,8,1,aggr_buy,5231.0,5233.0,1.0,2.0,1,0,4.5,4.5,-1.0,4.5,4.5,-7.0,12.5,12.5,-6.0,early,tight
85300,Mark 14,Mark 22,VEV_5300,XIRECS,42.0,2,1,aggr_sell,42.0,44.0,1.0,2.0,5,1,0.0,0.5,1.5,1.0,4.5,-2.5,3.0,8.5,-3.5,early,tight
85300,Mark 01,Mark 22,VEV_5400,XIRECS,14.0,2,1,aggr_sell,14.0,15.0,0.5,1.0,5,1,0.0,0.5,1.5,1.0,4.5,-2.5,1.5,8.5,-3.5,early,tight
85300,Mark 01,Mark 22,VEV_5500,XIRECS,6.0,2,1,aggr_sell,6.0,7.0,0.5,1.0,5,1,0.0,0.5,1.5,0.0,4.5,-2.5,0.5,8.5,-3.5,early,tight
85300,Mark 01,Mark 22,VEV_6000,XIRECS,0.0,2,1,aggr_sell,0.0,1.0,0.5,1.0,5,1,0.0,0.5,1.5,0.0,4.5,-2.5,0.0,8.5,-3.5,early,tight
85300,Mark 01,Mark 22,VEV_6500,XIRECS,0.0,2,1,aggr_sell,0.0,1.0,0.5,1.0,5,1,0.0,0.5,1.5,0.0,4.5,-2.5,0.0,8.5,-3.5,early,tight
86100,Mark 01,Mark 22,VEV_5400,XIRECS,14.0,5,1,aggr_sell,14.0,16.0,1.0,2.0,4,1,-0.5,-0.5,0.0,0.5,3.5,9.0,0.5,4.5,-1.0,early,tight
86100,Mark 01,Mark 22,VEV_5500,XIRECS,6.0,5,1,aggr_sell,6.0,7.0,0.5,1.0,4,1,0.0,-0.5,0.0,0.0,3.5,9.0,0.0,4.5,-1.0,early,tight
86100,Mark 01,Mark 22,VEV_6000,XIRECS,0.0,5,1,aggr_sell,0.0,1.0,0.5,1.0,4,1,0.0,-0.5,0.0,0.0,3.5,9.0,0.0,4.5,-1.0,early,tight
86100,Mark 01,Mark 22,VEV_6500,XIRECS,0.0,5,1,aggr_sell,0.0,1.0,0.5,1.0,4,1,0.0,-0.5,0.0,0.0,3.5,9.0,0.0,4.5,-1.0,early,tight
87900,Mark 14,Mark 55,VELVETFRUIT_EXTRACT,XIRECS,5239.0,3,1,aggr_sell,5239.0,5244.0,2.5,5.0,1,0,1.0,1.0,-10.0,1.5,1.5,-9.0,1.0,1.0,-20.0,early,mid
88500,Mark 67,Mark 22,VELVETFRUIT_EXTRACT,XIRECS,5242.0,6,1,aggr_buy,5240.0,5242.0,1.0,2.0,1,0,2.0,2.0,7.0,3.5,3.5,-2.0,4.5,4.5,-8.0,early,tight
89300,Mark 14,Mark 38,VEV_4000,XIRECS,1232.0,3,1,aggr_sell,1232.0,1253.0,10.5,21.0,1,0,-4.5,1.0,-5.5,-1.0,-1.0,-12.5,3.0,1.5,-17.5,early,wide
89800,Mark 01,Mark 22,VEV_5300,XIRECS,45.0,4,1,aggr_sell,45.0,47.0,1.0,2.0,4,1,0.0,0.0,-3.0,-1.0,-2.0,-8.0,1.0,4.0,-20.0,early,tight
89800,Mark 01,Mark 22,VEV_5400,XIRECS,15.0,4,1,aggr_sell,15.0,17.0,1.0,2.0,4,1,0.0,0.0,-3.0,-0.5,-2.0,-8.0,1.0,4.0,-20.0,early,tight
89800,Mark 01,Mark 22,VEV_6000,XIRECS,0.0,4,1,aggr_sell,0.0,1.0,0.5,1.0,4,1,0.0,0.0,-3.0,0.0,-2.0,-8.0,0.0,4.0,-20.0,early,tight
89800,Mark 01,Mark 22,VEV_6500,XIRECS,0.0,4,1,aggr_sell,0.0,1.0,0.5,1.0,4,1,0.0,0.0,-3.0,0.0,-2.0,-8.0,0.0,4.0,-20.0,early,tight
91100,Mark 55,Mark 14,VELVETFRUIT_EXTRACT,XIRECS,5244.0,6,1,aggr_buy,5239.0,5244.0,2.5,5.0,1,0,0.0,0.0,3.0,2.5,2.5,9.0,7.0,7.0,-16.0,early,mid
92000,Mark 55,Mark 14,VELVETFRUIT_EXTRACT,XIRECS,5243.0,8,1,aggr_buy,5238.0,5243.0,2.5,5.0,1,0,3.0,3.0,3.0,5.0,5.0,8.0,3.5,3.5,-10.0,early,mid
92100,Mark 14,Mark 38,HYDROGEL_PACK,XIRECS,9955.0,4,1,aggr_sell,9955.0,9971.0,8.0,16.0,1,0,3.0,3.0,3.0,7.0,6.0,7.0,-11.0,4.0,-11.0,early,wide
92500,Mark 14,Mark 38,HYDROGEL_PACK,XIRECS,9956.0,2,1,aggr_sell,9956.0,9972.0,8.0,16.0,1,0,-1.0,0.5,-1.0,0.0,0.0,0.0,-14.5,2.0,-14.5,early,wide
93700,Mark 55,Mark 01,VELVETFRUIT_EXTRACT,XIRECS,5246.0,6,1,aggr_buy,5241.0,5246.0,2.5,5.0,1,0,2.0,2.0,-3.0,-2.0,-2.0,-9.0,3.0,3.0,-17.0,early,mid
93800,Mark 55,Mark 01,VELVETFRUIT_EXTRACT,XIRECS,5246.0,7,1,aggr_buy,5241.0,5246.0,2.5,5.0,1,0,0.0,0.0,-4.0,-2.0,-2.0,-7.0,4.0,4.0,-15.0,early,mid
94400,Mark 38,Mark 14,HYDROGEL_PACK,XIRECS,9974.0,4,1,aggr_buy,9958.0,9974.0,8.0,16.0,1,0,0.0,-0.5,0.0,-2.0,0.0,-2.0,-12.0,6.0,-12.0,early,wide
97100,Mark 14,Mark 38,HYDROGEL_PACK,XIRECS,9950.0,2,1,aggr_sell,9950.0,9966.0,8.0,16.0,1,0,1.0,2.0,1.0,-6.0,3.0,-6.0,2.0,17.5,2.0,early,wide
98600,Mark 38,Mark 14,HYDROGEL_PACK,XIRECS,9962.0,2,1,aggr_buy,9946.0,9962.0,8.0,16.0,1,0,-2.0,-1.0,-2.0,-1.5,-0.5,-1.5,10.0,18.0,10.0,early,wide
99000,Mark 38,Mark 14,HYDROGEL_PACK,XIRECS,9961.0,3,1,aggr_buy,9945.0,9961.0,8.0,16.0,1,0,-1.5,0.5,-1.5,-9.0,2.0,-9.0,11.0,18.5,11.0,early,wide
100500,Mark 55,Mark 14,VELVETFRUIT_EXTRACT,XIRECS,5248.0,4,1,aggr_buy,5243.0,5248.0,2.5,5.0,1,0,2.5,2.5,-9.0,0.0,0.0,-3.5,22.0,22.0,4.0,early,mid
101400,Mark 14,Mark 38,HYDROGEL_PACK,XIRECS,9936.0,5,1,aggr_sell,9936.0,9952.0,8.0,16.0,1,0,7.0,-5.5,7.0,4.0,-5.0,4.0,13.0,16.0,13.0,early,wide
101500,Mark 14,Mark 38,HYDROGEL_PACK,XIRECS,9935.0,6,1,aggr_sell,9935.0,9951.0,8.0,16.0,1,0,8.0,-5.5,8.0,5.0,-3.0,5.0,14.0,15.0,14.0,early,wide
102500,Mark 14,Mark 38,VEV_4000,XIRECS,1235.0,1,1,aggr_sell,1235.0,1256.0,10.5,21.0,1,0,2.0,2.0,-4.5,4.0,4.0,2.5,17.5,19.0,7.5,early,wide
102800,Mark 14,Mark 38,VEV_4000,XIRECS,1236.0,1,1,aggr_sell,1236.0,1257.0,10.5,21.0,1,0,0.0,-0.5,0.0,3.0,2.5,1.0,15.0,14.0,4.0,early,wide
103100,Mark 38,Mark 14,HYDROGEL_PACK,XIRECS,9952.0,4,1,aggr_buy,9936.0,9952.0,8.0,16.0,1,0,7.0,0.0,7.0,6.0,8.0,6.0,6.0,15.0,6.0,early,wide
103500,Mark 14,Mark 38,HYDROGEL_PACK,XIRECS,9940.0,3,1,aggr_sell,9940.0,9956.0,8.0,16.0,1,0,5.0,1.0,5.0,-2.5,10.0,-2.5,-1.0,15.0,-1.0,early,wide
104400,Mark 55,Mark 14,VELVETFRUIT_EXTRACT,XIRECS,5252.0,6,1,aggr_buy,5247.0,5252.0,2.5,5.0,1,0,1.0,1.0,-4.0,9.5,9.5,4.0,16.0,16.0,-6.0,early,mid
107100,Mark 14,Mark 38,HYDROGEL_PACK,XIRECS,9952.0,5,1,aggr_sell,9952.0,9968.0,8.0,16.0,1,0,0.0,1.5,0.0,5.0,6.5,5.0,-1.0,-5.0,-1.0,early,wide
107900,Mark 55,Mark 01,VELVETFRUIT_EXTRACT,XIRECS,5267.0,3,1,aggr_buy,5261.0,5267.0,3.0,6.0,1,0,0.0,0.0,7.0,6.5,6.5,5.0,-6.5,-6.5,5.0,early,mid
109000,Mark 67,Mark 49,VELVETFRUIT_EXTRACT,XIRECS,5265.0,12,1,aggr_buy,5264.0,5265.0,0.5,1.0,1,0,4.0,4.0,1.0,0.0,0.0,-9.0,-7.0,-7.0,-14.0,early,tight
109100,Mark 14,Mark 38,HYDROGEL_PACK,XIRECS,9957.0,2,1,aggr_sell,9957.0,9973.0,8.0,16.0,1,0,1.0,4.0,1.0,-6.0,-2.0,-6.0,-13.0,-9.0,-13.0,early,wide
110100,Mark 01,Mark 55,VELVETFRUIT_EXTRACT,XIRECS,5265.0,4,1,aggr_sell,5265.0,5270.0,2.5,5.0,1,0,-1.0,-1.0,-5.0,-4.0,-4.0,-3.0,-9.0,-9.0,-9.0,early,mid
112000,Mark 14,Mark 55,VELVETFRUIT_EXTRACT,XIRECS,5260.0,3,1,aggr_sell,5260.0,5265.0,2.5,5.0,1,0,2.0,2.0,1.0,2.0,2.0,-9.0,1.0,1.0,-4.5,early,mid
112700,Mark 14,Mark 38,HYDROGEL_PACK,XIRECS,9948.0,2,1,aggr_sell,9948.0,9964.0,8.0,16.0,1,0,-6.0,-1.5,-6.0,-11.0,2.0,-11.0,-9.0,1.0,-9.0,early,wide
113900,Mark 38,Mark 14,HYDROGEL_PACK,XIRECS,9956.0,2,1,aggr_buy,9940.0,9956.0,8.0,16.0,1,0,0.0,4.5,0.0,-1.0,-3.0,-1.0,-6.0,3.5,-6.0,early,wide
115500,Mark 14,Mark 38,HYDROGEL_PACK,XIRECS,9937.0,3,1,aggr_sell,9937.0,9953.0,8.0,16.0,1,0,4.0,-4.5,4.0,24.0,-3.0,24.0,1.0,3.5,1.0,early,wide
118800,Mark 14,Mark 55,VELVETFRUIT_EXTRACT,XIRECS,5257.0,3,1,aggr_sell,5257.0,5262.0,2.5,5.0,1,0,-1.5,-1.5,4.0,1.0,1.0,1.0,5.0,5.0,15.0,early,mid
119400,Mark 38,Mark 14,HYDROGEL_PACK,XIRECS,9962.0,3,1,aggr_buy,9946.0,9962.0,8.0,16.0,1,0,3.0,0.0,3.0,-0.5,5.0,-0.5,5.0,5.0,5.0,early,wide
120300,Mark 01,Mark 22,VEV_5400,XIRECS,18.0,4,1,aggr_sell,18.0,19.0,0.5,1.0,4,1,1.0,3.0,-3.0,1.5,6.5,-1.0,1.0,4.5,6.5,early,tight
120300,Mark 01,Mark 22,VEV_5500,XIRECS,8.0,4,1,aggr_sell,8.0,9.0,0.5,1.0,4,1,0.0,3.0,-3.0,0.0,6.5,-1.0,0.0,4.5,6.5,early,tight
120300,Mark 01,Mark 22,VEV_6000,XIRECS,0.0,4,1,aggr_sell,0.0,1.0,0.5,1.0,4,1,0.0,3.0,-3.0,0.0,6.5,-1.0,0.0,4.5,6.5,early,tight
120300,Mark 01,Mark 22,VEV_6500,XIRECS,0.0,4,1,aggr_sell,0.0,1.0,0.5,1.0,4,1,0.0,3.0,-3.0,0.0,6.5,-1.0,0.0,4.5,6.5,early,tight
120700,Mark 38,Mark 14,HYDROGEL_PACK,XIRECS,9958.0,2,1,aggr_buy,9942.0,9958.0,8.0,16.0,1,0,4.0,0.0,4.0,-3.0,0.0,-3.0,5.5,0.5,5.5,early,wide
123300,Mark 01,Mark 55,VELVETFRUIT_EXTRACT,XIRECS,5262.0,7,1,aggr_sell,5262.0,5267.0,2.5,5.0,1,0,0.0,0.0,-3.0,-1.0,-1.0,-6.0,-0.5,-0.5,8.0,early,mid
125600,Mark 55,Mark 14,VELVETFRUIT_EXTRACT,XIRECS,5265.0,3,1,aggr_buy,5260.0,5265.0,2.5,5.0,1,0,1.0,1.0,-2.0,4.0,4.0,7.0,-2.0,-2.0,10.0,early,mid
126000,Mark 38,Mark 14,HYDROGEL_PACK,XIRECS,9953.0,4,1,aggr_buy,9937.0,9953.0,8.0,16.0,1,0,1.0,3.5,1.0,10.0,2.5,10.0,8.0,-0.5,8.0,early,wide
127200,Mark 01,Mark 22,VEV_5500,XIRECS,8.0,3,1,aggr_sell,8.0,9.0,0.5,1.0,3,1,0.5,2.5,2.0,0.0,0.5,7.0,0.0,-4.0,5.0,early,tight
127200,Mark 01,Mark 22,VEV_6000,XIRECS,0.0,3,1,aggr_sell,0.0,1.0,0.5,1.0,3,1,0.0,2.5,2.0,0.0,0.5,7.0,0.0,-4.0,5.0,early,tight
127200,Mark 01,Mark 22,VEV_6500,XIRECS,0.0,3,1,aggr_sell,0.0,1.0,0.5,1.0,3,1,0.0,2.5,2.0,0.0,0.5,7.0,0.0,-4.0,5.0,early,tight
129100,Mark 38,Mark 14,VEV_4000,XIRECS,1275.0,3,1,aggr_buy,1253.0,1275.0,11.0,22.0,1,0,0.0,0.0,-2.0,1.5,2.5,-9.0,-6.5,-6.5,4.0,early,wide
129500,Mark 38,Mark 14,HYDROGEL_PACK,XIRECS,9967.0,6,1,aggr_buy,9951.0,9967.0,8.0,16.0,1,0,-2.0,-1.0,-2.0,-8.0,2.0,-8.0,5.0,-5.5,5.0,early,wide
129800,Mark 14,Mark 38,HYDROGEL_PACK,XIRECS,9951.0,4,1,aggr_sell,9951.0,9967.0,8.0,16.0,1,0,-0.5,-2.5,-0.5,-8.0,-0.5,-8.0,9.0,-6.0,9.0,early,wide
130800,Mark 14,Mark 38,HYDROGEL_PACK,XIRECS,9946.0,5,1,aggr_sell,9946.0,9962.0,8.0,16.0,1,0,-5.0,3.0,-5.0,6.5,1.0,6.5,7.0,-8.5,7.0,early,wide
131300,Mark 49,Mark 55,VELVETFRUIT_EXTRACT,XIRECS,5265.0,5,1,aggr_sell,5265.0,5268.0,1.5,3.0,1,0,-2.5,-2.5,2.0,-2.5,-2.5,9.0,-8.0,-8.0,12.0,early,mid
131800,Mark 01,Mark 55,VELVETFRUIT_EXTRACT,XIRECS,5261.0,5,1,aggr_sell,5261.0,5267.0,3.0,6.0,1,0,0.0,0.0,5.0,3.5,3.5,4.0,-4.5,-4.5,11.0,early,mid
132600,Mark 67,Mark 49,VELVETFRUIT_EXTRACT,XIRECS,5263.0,10,1,aggr_buy,5261.0,5263.0,1.0,2.0,1,0,1.5,1.5,-6.0,-0.5,-0.5,-7.0,0.5,0.5,1.5,early,tight
133100,Mark 14,Mark 38,VEV_4000,XIRECS,1253.0,3,1,aggr_sell,1253.0,1274.0,10.5,21.0,1,0,2.5,2.5,1.0,-1.5,0.0,1.0,1.5,1.5,7.0,early,wide
133700,Mark 14,Mark 38,HYDROGEL_PACK,XIRECS,9948.0,4,1,aggr_sell,9948.0,9964.0,8.0,16.0,1,0,-1.0,-2.0,-1.0,1.0,-5.5,1.0,-2.0,-2.5,-2.0,early,wide
134000,Mark 14,Mark 55,VELVETFRUIT_EXTRACT,XIRECS,5264.0,8,1,aggr_sell,5264.0,5269.0,2.5,5.0,1,0,-5.0,-5.0,-6.0,-4.0,-4.0,-5.0,-4.5,-4.5,-3.0,early,mid
134500,Mark 14,Mark 38,HYDROGEL_PACK,XIRECS,9944.0,6,1,aggr_sell,9944.0,9960.0,8.0,16.0,1,0,4.0,0.0,4.0,-1.0,1.0,-1.0,1.0,-1.0,1.0,early,wide
135200,Mark 55,Mark 01,VELVETFRUIT_EXTRACT,XIRECS,5264.0,8,1,aggr_buy,5258.0,5264.0,3.0,6.0,1,0,0.0,0.0,0.0,-1.0,-1.0,1.0,-0.5,-0.5,-5.0,early,mid
135500,Mark 14,Mark 55,VELVETFRUIT_EXTRACT,XIRECS,5257.0,7,1,aggr_sell,5257.0,5262.0,2.5,5.0,1,0,3.0,3.0,-2.0,0.0,0.0,-1.0,2.0,2.0,-1.0,early,mid
135900,Mark 01,Mark 22,VEV_5300,XIRECS,52.0,3,1,aggr_sell,52.0,54.0,1.0,2.0,5,1,0.0,-1.0,-4.5,-2.0,-5.5,-0.5,-0.5,-0.5,4.5,early,tight
135900,Mark 01,Mark 22,VEV_5400,XIRECS,19.0,3,1,aggr_sell,19.0,21.0,1.0,2.0,5,1,0.0,-1.0,-4.5,-1.0,-5.5,-0.5,-0.5,-0.5,4.5,early,tight
135900,Mark 01,Mark 22,VEV_5500,XIRECS,8.0,3,1,aggr_sell,8.0,9.0,0.5,1.0,5,1,0.0,-1.0,-4.5,-0.5,-5.5,-0.5,0.0,-0.5,4.5,early,tight
135900,Mark 01,Mark 22,VEV_6000,XIRECS,0.0,3,1,aggr_sell,0.0,1.0,0.5,1.0,5,1,0.0,-1.0,-4.5,0.0,-5.5,-0.5,0.0,-0.5,4.5,early,tight
135900,Mark 01,Mark 22,VEV_6500,XIRECS,0.0,3,1,aggr_sell,0.0,1.0,0.5,1.0,5,1,0.0,-1.0,-4.5,0.0,-5.5,-0.5,0.0,-0.5,4.5,early,tight
137000,Mark 14,Mark 38,VEV_4000,XIRECS,1252.0,3,1,aggr_sell,1252.0,1273.0,10.5,21.0,1,0,-3.0,-3.0,-1.0,-4.0,-4.0,10.0,2.5,2.5,4.0,early,wide
137300,Mark 14,Mark 38,VEV_4000,XIRECS,1251.0,3,1,aggr_sell,1251.0,1272.0,10.5,21.0,1,0,-3.0,-4.5,-7.0,-3.0,-3.0,8.0,6.0,6.0,4.0,early,wide
137600,Mark 38,Mark 14,VEV_4000,XIRECS,1269.0,3,1,aggr_buy,1248.0,1269.0,10.5,21.0,1,0,-2.0,-2.5,-3.0,0.0,-0.5,11.0,10.0,9.5,10.0,early,wide
137800,Mark 14,Mark 38,HYDROGEL_PACK,XIRECS,9942.0,3,1,aggr_sell,9942.0,9958.0,8.0,16.0,1,0,2.5,-0.5,2.5,18.0,1.5,18.0,16.0,11.5,16.0,early,wide
138000,Mark 01,Mark 55,VELVETFRUIT_EXTRACT,XIRECS,5254.0,7,1,aggr_sell,5254.0,5259.0,2.5,5.0,1,0,1.0,1.0,6.5,2.0,2.0,9.5,11.0,11.0,10.5,early,mid
138100,Mark 38,Mark 14,HYDROGEL_PACK,XIRECS,9959.0,2,1,aggr_buy,9943.0,9959.0,8.0,16.0,1,0,12.0,2.0,12.0,14.0,1.0,14.0,12.0,10.0,12.0,early,wide
139700,Mark 67,Mark 22,VELVETFRUIT_EXTRACT,XIRECS,5257.0,8,1,aggr_buy,5255.0,5257.0,1.0,2.0,1,0,1.5,1.5,-2.0,3.5,3.5,-3.0,9.5,9.5,2.0,early,tight
140000,Mark 55,Mark 14,VELVETFRUIT_EXTRACT,XIRECS,5261.0,5,1,aggr_buy,5256.0,5261.0,2.5,5.0,1,0,-3.0,-3.0,-1.0,1.0,1.0,2.0,8.5,8.5,2.0,early,mid
140100,Mark 55,Mark 14,VELVETFRUIT_EXTRACT,XIRECS,5260.0,4,1,aggr_buy,5255.0,5260.0,2.5,5.0,1,0,-2.0,-2.0,-1.0,2.0,2.0,1.0,8.5,8.5,0.0,early,mid
141000,Mark 55,Mark 14,VELVETFRUIT_EXTRACT,XIRECS,5260.0,4,1,aggr_buy,5255.0,5260.0,2.5,5.0,1,0,1.0,1.0,3.0,7.0,7.0,7.0,8.0,8.0,-4.0,early,mid
142000,Mark 55,Mark 14,VELVETFRUIT_EXTRACT,XIRECS,5262.0,6,1,aggr_buy,5257.0,5262.0,2.5,5.0,1,0,3.0,3.0,-3.0,2.5,2.5,-10.0,-0.5,-0.5,-11.0,early,mid
144500,Mark 01,Mark 55,VELVETFRUIT_EXTRACT,XIRECS,5258.0,5,1,aggr_sell,5258.0,5263.0,2.5,5.0,1,0,0.5,0.5,-2.0,3.0,3.0,2.0,-7.5,-7.5,9.0,early,mid
145500,Mark 01,Mark 22,VEV_5400,XIRECS,19.0,2,1,aggr_sell,19.0,20.0,0.5,1.0,4,1,0.5,2.5,4.0,1.5,7.0,7.0,-2.5,-12.0,2.0,early,tight
145500,Mark 01,Mark 22,VEV_5500,XIRECS,8.0,2,1,aggr_sell,8.0,9.0,0.5,1.0,4,1,0.0,2.5,4.0,1.0,7.0,7.0,-1.0,-12.0,2.0,early,tight
145500,Mark 01,Mark 22,VEV_6000,XIRECS,0.0,2,1,aggr_sell,0.0,1.0,0.5,1.0,4,1,0.0,2.5,4.0,0.0,7.0,7.0,0.0,-12.0,2.0,early,tight
145500,Mark 01,Mark 22,VEV_6500,XIRECS,0.0,2,1,aggr_sell,0.0,1.0,0.5,1.0,4,1,0.0,2.5,4.0,0.0,7.0,7.0,0.0,-12.0,2.0,early,tight
145600,Mark 38,Mark 14,HYDROGEL_PACK,XIRECS,9962.0,5,1,aggr_buy,9946.0,9962.0,8.0,16.0,1,0,3.0,1.0,3.0,10.0,6.0,10.0,5.0,-14.0,5.0,early,wide
146500,Mark 38,Mark 14,HYDROGEL_PACK,XIRECS,9963.0,6,1,aggr_buy,9947.0,9963.0,8.0,16.0,1,0,4.0,1.5,4.0,9.0,1.0,9.0,4.0,-15.5,4.0,early,wide
146700,Mark 14,Mark 55,VELVETFRUIT_EXTRACT,XIRECS,5260.0,7,1,aggr_sell,5260.0,5265.0,2.5,5.0,1,0,3.0,3.0,-1.0,2.0,2.0,3.0,-15.0,-15.0,6.0,early,mid
147900,Mark 14,Mark 38,VEV_4000,XIRECS,1256.0,1,1,aggr_sell,1256.0,1278.0,11.0,22.0,1,0,-2.5,-4.0,1.5,-0.5,-2.0,8.0,-11.5,-13.5,-1.5,early,wide
148000,Mark 38,Mark 14,HYDROGEL_PACK,XIRECS,9972.0,3,1,aggr_buy,9956.0,9972.0,8.0,16.0,1,0,0.0,-3.0,0.0,1.0,-0.5,1.0,-9.0,-15.5,-9.0,early,wide
148300,Mark 22,Mark 55,VELVETFRUIT_EXTRACT,XIRECS,5265.0,4,1,aggr_sell,5265.0,5268.0,1.5,3.0,1,0,-4.0,-4.0,-1.0,0.0,0.0,-4.0,-10.0,-10.0,-11.5,early,mid
150600,Mark 01,Mark 22,VEV_5300,XIRECS,53.0,2,1,aggr_sell,53.0,55.0,1.0,2.0,5,1,0.0,0.5,-5.0,-4.0,-9.0,-5.0,-5.0,-13.0,7.0,early,tight
150600,Mark 01,Mark 22,VEV_5400,XIRECS,20.0,2,1,aggr_sell,20.0,21.0,0.5,1.0,5,1,0.0,0.5,-5.0,-2.0,-9.0,-5.0,-2.0,-13.0,7.0,early,tight
150600,Mark 01,Mark 22,VEV_5500,XIRECS,8.0,2,1,aggr_sell,8.0,9.0,0.5,1.0,5,1,0.0,0.5,-5.0,-0.5,-9.0,-5.0,-1.0,-13.0,7.0,early,tight
150600,Mark 01,Mark 22,VEV_6000,XIRECS,0.0,2,1,aggr_sell,0.0,1.0,0.5,1.0,5,1,0.0,0.5,-5.0,0.0,-9.0,-5.0,0.0,-13.0,7.0,early,tight
150600,Mark 01,Mark 22,VEV_6500,XIRECS,0.0,2,1,aggr_sell,0.0,1.0,0.5,1.0,5,1,0.0,0.5,-5.0,0.0,-9.0,-5.0,0.0,-13.0,7.0,early,tight
150700,Mark 55,Mark 01,VELVETFRUIT_EXTRACT,XIRECS,5268.0,7,1,aggr_buy,5263.0,5268.0,2.5,5.0,1,0,1.0,1.0,-5.0,-8.5,-8.5,-5.0,-11.0,-11.0,9.0,early,mid
151100,Mark 14,Mark 38,HYDROGEL_PACK,XIRECS,9945.0,4,1,aggr_sell,9945.0,9961.0,8.0,16.0,1,0,3.0,-5.5,3.0,2.0,-8.5,2.0,13.0,-12.5,13.0,early,wide
151200,Mark 14,Mark 38,HYDROGEL_PACK,XIRECS,9944.0,6,1,aggr_sell,9944.0,9960.0,8.0,16.0,1,0,0.0,-6.0,0.0,5.0,-10.0,5.0,11.5,-13.0,11.5,early,wide
151400,Mark 01,Mark 55,VELVETFRUIT_EXTRACT,XIRECS,5261.0,7,1,aggr_sell,5261.0,5266.0,2.5,5.0,1,0,-3.5,-3.5,1.0,-7.0,-7.0,2.0,-9.0,-9.0,15.0,early,mid
152700,Mark 14,Mark 38,HYDROGEL_PACK,XIRECS,9944.0,5,1,aggr_sell,9944.0,9960.0,8.0,16.0,1,0,5.0,-0.5,5.0,3.0,-2.5,3.0,18.0,-2.5,18.0,early,wide
153000,Mark 01,Mark 22,VEV_5400,XIRECS,18.0,4,1,aggr_sell,18.0,19.0,0.5,1.0,4,1,0.0,-1.5,5.0,-0.5,-3.0,4.0,0.0,-2.0,20.0,early,tight
153000,Mark 01,Mark 22,VEV_5500,XIRECS,7.0,4,1,aggr_sell,7.0,9.0,1.0,2.0,4,1,-0.5,-1.5,5.0,-0.5,-3.0,4.0,-0.5,-2.0,20.0,early,tight
153000,Mark 01,Mark 22,VEV_6000,XIRECS,0.0,4,1,aggr_sell,0.0,1.0,0.5,1.0,4,1,0.0,-1.5,5.0,0.0,-3.0,4.0,0.0,-2.0,20.0,early,tight
153000,Mark 01,Mark 22,VEV_6500,XIRECS,0.0,4,1,aggr_sell,0.0,1.0,0.5,1.0,4,1,0.0,-1.5,5.0,0.0,-3.0,4.0,0.0,-2.0,20.0,early,tight
154100,Mark 14,Mark 38,VEV_4000,XIRECS,1242.0,3,1,aggr_sell,1242.0,1263.0,10.5,21.0,1,0,1.0,1.0,3.0,-4.5,-4.5,-2.0,0.0,-0.5,5.0,early,wide
155900,Mark 38,Mark 14,HYDROGEL_PACK,XIRECS,9966.0,4,1,aggr_buy,9951.0,9966.0,7.5,15.0,1,0,-1.5,-3.0,-1.5,0.5,5.5,0.5,10.5,1.0,10.5,early,wide
156200,Mark 14,Mark 38,VEV_4000,XIRECS,1237.0,1,1,aggr_sell,1237.0,1258.0,10.5,21.0,1,0,0.0,0.0,10.0,8.0,8.0,-2.0,3.0,3.5,14.0,early,wide
156400,Mark 14,Mark 38,HYDROGEL_PACK,XIRECS,9949.0,6,1,aggr_sell,9949.0,9965.0,8.0,16.0,1,0,5.0,0.5,5.0,-3.0,10.5,-3.0,13.0,7.5,13.0,early,wide
159900,Mark 14,Mark 38,HYDROGEL_PACK,XIRECS,9961.0,3,1,aggr_sell,9961.0,9977.0,8.0,16.0,1,0,-4.0,0.5,-4.0,-8.0,-1.0,-8.0,-4.0,-3.0,-4.0,early,wide
161200,Mark 14,Mark 38,HYDROGEL_PACK,XIRECS,9956.0,6,1,aggr_sell,9956.0,9971.0,7.5,15.0,1,0,3.5,1.0,3.5,7.5,1.0,7.5,17.5,-5.0,17.5,early,wide
163300,Mark 67,Mark 22,VELVETFRUIT_EXTRACT,XIRECS,5254.0,10,1,aggr_buy,5252.0,5254.0,1.0,2.0,1,0,2.0,2.0,-8.0,-1.5,-1.5,-2.0,-4.0,-4.0,2.0,early,tight
164000,Mark 14,Mark 55,VELVETFRUIT_EXTRACT,XIRECS,5251.0,5,1,aggr_sell,5251.0,5256.0,2.5,5.0,1,0,-1.0,-1.0,7.0,-3.0,-3.0,11.0,-4.5,-4.5,14.0,early,mid
164300,Mark 38,Mark 14,HYDROGEL_PACK,XIRECS,9973.0,5,1,aggr_buy,9957.0,9973.0,8.0,16.0,1,0,6.0,1.0,6.0,4.0,1.0,4.0,12.0,-5.5,12.0,early,wide
165500,Mark 49,Mark 55,VELVETFRUIT_EXTRACT,XIRECS,5250.0,4,1,aggr_sell,5250.0,5252.0,1.0,2.0,1,0,-0.5,-0.5,3.5,1.5,1.5,-6.5,-3.5,-3.5,18.5,early,tight
167300,Mark 14,Mark 38,HYDROGEL_PACK,XIRECS,9957.0,3,1,aggr_sell,9957.0,9973.0,8.0,16.0,1,0,-5.0,-1.0,-5.0,1.0,-2.0,1.0,33.0,-7.5,33.0,early,wide
167600,Mark 01,Mark 55,VELVETFRUIT_EXTRACT,XIRECS,5249.0,6,1,aggr_sell,5249.0,5255.0,3.0,6.0,2,1,1.5,1.5,1.0,2.5,2.5,0.0,-6.5,-6.5,35.0,early,mid
167600,Mark 14,Mark 38,VEV_4000,XIRECS,1242.0,2,1,aggr_sell,1242.0,1263.0,10.5,21.0,2,1,1.0,1.5,1.0,2.0,2.5,0.0,-7.0,-6.5,35.0,early,wide
168400,Mark 14,Mark 55,VELVETFRUIT_EXTRACT,XIRECS,5248.0,3,1,aggr_sell,5248.0,5253.0,2.5,5.0,1,0,-1.0,-1.0,5.0,-1.0,-1.0,19.0,-1.0,-1.0,38.0,early,mid
168500,Mark 38,Mark 14,VEV_4000,XIRECS,1261.0,2,1,aggr_buy,1250.0,1261.0,5.5,11.0,1,0,-5.0,2.0,1.0,-12.5,-1.5,19.0,-7.0,-1.5,35.0,early,mid
168700,Mark 38,Mark 14,VEV_4000,XIRECS,1260.0,1,1,aggr_buy,1239.0,1260.0,10.5,21.0,1,0,1.0,2.5,10.0,0.0,-0.5,19.0,-1.0,-1.5,39.0,early,wide
170400,Mark 01,Mark 22,VEV_5400,XIRECS,17.0,5,1,aggr_sell,17.0,18.0,0.5,1.0,4,1,0.0,0.0,2.5,0.0,-1.0,-3.0,-0.5,-2.5,24.0,early,tight
170400,Mark 01,Mark 22,VEV_5500,XIRECS,7.0,5,1,aggr_sell,7.0,8.0,0.5,1.0,4,1,0.0,0.0,2.5,0.0,-1.0,-3.0,0.0,-2.5,24.0,early,tight
170400,Mark 01,Mark 22,VEV_6000,XIRECS,0.0,5,1,aggr_sell,0.0,1.0,0.5,1.0,4,1,0.0,0.0,2.5,0.0,-1.0,-3.0,0.0,-2.5,24.0,early,tight
170400,Mark 01,Mark 22,VEV_6500,XIRECS,0.0,5,1,aggr_sell,0.0,1.0,0.5,1.0,4,1,0.0,0.0,2.5,0.0,-1.0,-3.0,0.0,-2.5,24.0,early,tight
170500,Mark 14,Mark 22,VEV_5300,XIRECS,46.0,3,1,aggr_sell,46.0,48.0,1.0,2.0,4,1,-1.0,-1.5,-2.5,0.0,1.0,-5.0,-1.0,-2.0,25.0,early,tight
170500,Mark 01,Mark 22,VEV_5500,XIRECS,7.0,3,1,aggr_sell,7.0,8.0,0.5,1.0,4,1,0.0,-1.5,-2.5,0.0,1.0,-5.0,0.0,-2.0,25.0,early,tight
170500,Mark 01,Mark 22,VEV_6000,XIRECS,0.0,3,1,aggr_sell,0.0,1.0,0.5,1.0,4,1,0.0,-1.5,-2.5,0.0,1.0,-5.0,0.0,-2.0,25.0,early,tight
170500,Mark 01,Mark 22,VEV_6500,XIRECS,0.0,3,1,aggr_sell,0.0,1.0,0.5,1.0,4,1,0.0,-1.5,-2.5,0.0,1.0,-5.0,0.0,-2.0,25.0,early,tight
170900,Mark 38,Mark 14,VEV_4000,XIRECS,1260.0,3,1,aggr_buy,1239.0,1260.0,10.5,21.0,1,0,2.0,2.0,4.5,-2.0,-3.5,-8.5,-2.0,-3.5,27.5,early,wide
171400,Mark 38,Mark 14,HYDROGEL_PACK,XIRECS,9992.0,6,1,aggr_buy,9976.0,9992.0,8.0,16.0,1,0,-7.0,-1.0,-7.0,-13.0,-4.0,-13.0,25.0,-3.0,25.0,early,wide
171700,Mark 01,Mark 55,VELVETFRUIT_EXTRACT,XIRECS,5248.0,7,1,aggr_sell,5248.0,5253.0,2.5,5.0,1,0,0.0,0.0,-3.0,-2.0,-2.0,0.0,-5.0,-5.0,39.0,early,mid
172400,Mark 14,Mark 38,VEV_4000,XIRECS,1238.0,1,1,aggr_sell,1238.0,1259.0,10.5,21.0,1,0,-1.0,-2.5,-3.0,-4.0,-4.0,9.5,-4.0,-4.0,43.0,early,wide
172500,Mark 01,Mark 22,VEV_5300,XIRECS,46.0,5,1,aggr_sell,46.0,48.0,1.0,2.0,5,1,-1.0,-2.5,-3.0,-2.0,-5.5,11.0,-2.0,-4.0,46.0,early,tight
172500,Mark 01,Mark 22,VEV_5400,XIRECS,17.0,5,1,aggr_sell,17.0,18.0,0.5,1.0,5,1,-0.5,-2.5,-3.0,-1.0,-5.5,11.0,-1.0,-4.0,46.0,early,tight
172500,Mark 01,Mark 22,VEV_5500,XIRECS,7.0,5,1,aggr_sell,7.0,8.0,0.5,1.0,5,1,0.0,-2.5,-3.0,-0.5,-5.5,11.0,-0.5,-4.0,46.0,early,tight
172500,Mark 01,Mark 22,VEV_6000,XIRECS,0.0,5,1,aggr_sell,0.0,1.0,0.5,1.0,5,1,0.0,-2.5,-3.0,0.0,-5.5,11.0,0.0,-4.0,46.0,early,tight
172500,Mark 01,Mark 22,VEV_6500,XIRECS,0.0,5,1,aggr_sell,0.0,1.0,0.5,1.0,5,1,0.0,-2.5,-3.0,0.0,-5.5,11.0,0.0,-4.0,46.0,early,tight
174200,Mark 38,Mark 14,HYDROGEL_PACK,XIRECS,9988.0,5,1,aggr_buy,9972.0,9988.0,8.0,16.0,1,0,1.0,-1.0,1.0,17.0,2.0,17.0,34.0,-6.0,34.0,early,wide
174400,Mark 38,Mark 14,HYDROGEL_PACK,XIRECS,9991.0,6,1,aggr_buy,9976.0,9991.0,7.5,15.0,1,0,2.5,1.5,2.5,17.5,3.5,17.5,32.5,-4.0,32.5,early,wide
178000,Mark 14,Mark 38,HYDROGEL_PACK,XIRECS,9988.0,3,1,aggr_sell,9988.0,10004.0,8.0,16.0,1,0,-2.0,1.0,-2.0,6.0,-2.5,6.0,30.0,-16.0,30.0,early,wide
179200,Mark 01,Mark 55,VELVETFRUIT_EXTRACT,XIRECS,5243.0,4,1,aggr_sell,5243.0,5248.0,2.5,5.0,1,0,2.0,2.0,-3.0,1.0,1.0,6.0,-9.0,-9.0,30.0,early,mid
180100,Mark 55,Mark 01,VELVETFRUIT_EXTRACT,XIRECS,5248.0,3,1,aggr_buy,5243.0,5248.0,2.5,5.0,1,0,3.0,3.0,2.0,-2.0,-2.0,18.0,-7.0,-7.0,24.0,early,mid
182100,Mark 14,Mark 38,HYDROGEL_PACK,XIRECS,10012.0,3,1,aggr_sell,10012.0,10028.0,8.0,16.0,1,0,-1.0,3.0,-1.0,-7.0,-2.0,-7.0,2.0,-6.5,2.0,early,wide
182800,Mark 14,Mark 38,HYDROGEL_PACK,XIRECS,10010.0,5,1,aggr_sell,10010.0,10026.0,8.0,16.0,1,0,-9.5,2.0,-9.5,2.0,-5.5,2.0,-3.0,-9.0,-3.0,early,wide
184200,Mark 38,Mark 14,VEV_4000,XIRECS,1251.0,3,1,aggr_buy,1230.0,1251.0,10.5,21.0,1,0,1.0,1.0,5.0,-5.0,-5.0,11.5,-4.0,-4.0,0.0,early,wide
185800,Mark 38,Mark 14,HYDROGEL_PACK,XIRECS,10040.0,4,1,aggr_buy,10024.0,10040.0,8.0,16.0,1,0,-9.0,-5.0,-9.0,-6.0,-8.0,-6.0,-28.0,-3.5,-28.0,early,wide
187400,Mark 55,Mark 01,VELVETFRUIT_EXTRACT,XIRECS,5235.0,8,1,aggr_buy,5229.0,5235.0,3.0,6.0,1,0,-0.5,-0.5,-2.0,6.5,6.5,7.0,5.5,5.5,-24.0,early,mid
187600,Mark 55,Mark 01,VELVETFRUIT_EXTRACT,XIRECS,5235.0,5,1,aggr_buy,5229.0,5235.0,3.0,6.0,1,0,-2.0,-2.0,5.0,8.5,8.5,10.0,4.5,4.5,-22.0,early,mid
188400,Mark 14,Mark 38,HYDROGEL_PACK,XIRECS,10021.0,4,1,aggr_sell,10021.0,10037.0,8.0,16.0,1,0,-3.0,2.0,-3.0,-3.0,5.0,-3.0,-26.0,9.0,-26.0,early,wide
188800,Mark 22,Mark 55,VELVETFRUIT_EXTRACT,XIRECS,5232.0,6,1,aggr_sell,5232.0,5235.0,1.5,3.0,1,0,4.0,4.0,4.0,4.0,4.0,-1.0,8.0,8.0,-14.0,early,mid
190100,Mark 01,Mark 22,VEV_5300,XIRECS,42.0,3,1,aggr_sell,42.0,44.0,1.0,2.0,5,1,-1.0,-2.0,-1.0,-1.0,-1.5,-4.0,0.0,-0.5,-13.0,early,tight
190100,Mark 01,Mark 22,VEV_5400,XIRECS,15.0,3,1,aggr_sell,15.0,16.0,0.5,1.0,5,1,-0.5,-2.0,-1.0,-0.5,-1.5,-4.0,0.0,-0.5,-13.0,early,tight
190100,Mark 01,Mark 22,VEV_5500,XIRECS,6.0,3,1,aggr_sell,6.0,7.0,0.5,1.0,5,1,0.0,-2.0,-1.0,0.0,-1.5,-4.0,0.0,-0.5,-13.0,early,tight
190100,Mark 01,Mark 22,VEV_6000,XIRECS,0.0,3,1,aggr_sell,0.0,1.0,0.5,1.0,5,1,0.0,-2.0,-1.0,0.0,-1.5,-4.0,0.0,-0.5,-13.0,early,tight
190100,Mark 01,Mark 22,VEV_6500,XIRECS,0.0,3,1,aggr_sell,0.0,1.0,0.5,1.0,5,1,0.0,-2.0,-1.0,0.0,-1.5,-4.0,0.0,-0.5,-13.0,early,tight
190600,Mark 14,Mark 55,VELVETFRUIT_EXTRACT,XIRECS,5234.0,6,1,aggr_sell,5234.0,5239.0,2.5,5.0,1,0,3.0,3.0,-1.0,-3.0,-3.0,-8.0,4.0,4.0,-11.0,early,mid
190700,Mark 55,Mark 14,VELVETFRUIT_EXTRACT,XIRECS,5239.0,3,1,aggr_buy,5234.0,5239.0,2.5,5.0,1,0,3.0,3.0,-6.0,-3.0,-3.0,-12.0,5.0,5.0,-11.0,early,mid
191100,Mark 14,Mark 55,VELVETFRUIT_EXTRACT,XIRECS,5237.0,8,1,aggr_sell,5237.0,5242.0,2.5,5.0,1,0,-2.0,-2.0,0.0,-4.0,-4.0,-7.0,1.0,1.0,-8.0,early,mid
192600,Mark 14,Mark 55,VELVETFRUIT_EXTRACT,XIRECS,5231.0,3,1,aggr_sell,5231.0,5236.0,2.5,5.0,1,0,2.0,2.0,0.0,2.0,2.0,-7.0,10.0,10.0,6.0,early,mid
192800,Mark 14,Mark 38,HYDROGEL_PACK,XIRECS,10007.0,5,1,aggr_sell,10007.0,10023.0,8.0,16.0,1,0,1.0,-0.5,1.0,-8.0,-1.0,-8.0,10.0,7.0,10.0,early,wide
193400,Mark 38,Mark 14,HYDROGEL_PACK,XIRECS,10026.0,4,1,aggr_buy,10010.0,10026.0,8.0,16.0,1,0,-3.0,0.0,-3.0,-14.0,-2.5,-14.0,3.0,5.0,3.0,early,wide
194200,Mark 38,Mark 14,VEV_4000,XIRECS,1247.0,2,1,aggr_buy,1226.0,1247.0,10.5,21.0,1,0,-1.5,-1.5,-4.5,-1.0,-1.0,-8.0,6.0,6.0,4.0,early,wide
194400,Mark 14,Mark 55,VELVETFRUIT_EXTRACT,XIRECS,5234.0,5,1,aggr_sell,5234.0,5239.0,2.5,5.0,1,0,-3.0,-3.0,-7.0,-2.0,-2.0,-11.5,3.5,3.5,2.0,early,mid
195200,Mark 55,Mark 14,VELVETFRUIT_EXTRACT,XIRECS,5236.0,3,1,aggr_buy,5231.0,5236.0,2.5,5.0,1,0,1.0,1.0,6.0,2.5,2.5,10.0,8.5,8.5,12.0,early,mid
195600,Mark 01,Mark 22,VEV_5300,XIRECS,41.0,3,1,aggr_sell,41.0,43.0,1.0,2.0,5,1,-1.0,-2.0,2.0,1.0,1.0,-1.0,4.0,11.0,16.0,early,tight
195600,Mark 01,Mark 22,VEV_5400,XIRECS,14.0,3,1,aggr_sell,14.0,15.0,0.5,1.0,5,1,0.0,-2.0,2.0,1.0,1.0,-1.0,2.0,11.0,16.0,early,tight
195600,Mark 01,Mark 22,VEV_5500,XIRECS,6.0,3,1,aggr_sell,6.0,7.0,0.5,1.0,5,1,0.0,-2.0,2.0,0.0,1.0,-1.0,1.0,11.0,16.0,early,tight
195600,Mark 01,Mark 22,VEV_6000,XIRECS,0.0,3,1,aggr_sell,0.0,1.0,0.5,1.0,5,1,0.0,-2.0,2.0,0.0,1.0,-1.0,0.0,11.0,16.0,early,tight
195600,Mark 01,Mark 22,VEV_6500,XIRECS,0.0,3,1,aggr_sell,0.0,1.0,0.5,1.0,5,1,0.0,-2.0,2.0,0.0,1.0,-1.0,0.0,11.0,16.0,early,tight
196100,Mark 55,Mark 14,VELVETFRUIT_EXTRACT,XIRECS,5236.0,5,1,aggr_buy,5231.0,5236.0,2.5,5.0,1,0,0.0,0.0,1.0,5.0,5.0,-4.0,11.0,11.0,8.0,early,mid
196700,Mark 14,Mark 38,VEV_4000,XIRECS,1225.0,1,1,aggr_sell,1225.0,1246.0,10.5,21.0,1,0,0.5,0.5,5.0,6.0,6.0,11.0,9.0,9.0,5.0,early,wide
197600,Mark 67,Mark 49,VELVETFRUIT_EXTRACT,XIRECS,5237.0,9,1,aggr_buy,5236.0,5237.0,0.5,1.0,1,0,2.0,2.0,-1.0,0.5,0.5,17.0,11.5,11.5,7.0,early,tight
198900,Mark 55,Mark 14,VELVETFRUIT_EXTRACT,XIRECS,5243.0,5,1,aggr_buy,5238.0,5243.0,2.5,5.0,1,0,0.0,0.0,6.0,1.0,1.0,0.0,6.0,6.0,1.0,early,mid
199200,Mark 55,Mark 14,VELVETFRUIT_EXTRACT,XIRECS,5243.0,5,1,aggr_buy,5238.0,5243.0,2.5,5.0,1,0,-1.0,-1.0,1.0,1.0,1.0,3.0,7.0,7.0,-5.0,early,mid
199400,Mark 38,Mark 14,HYDROGEL_PACK,XIRECS,10029.0,3,1,aggr_buy,10013.0,10029.0,8.0,16.0,1,0,-5.0,-2.0,-5.0,-0.5,3.0,-0.5,-7.0,9.0,-7.0,early,wide
202300,Mark 38,Mark 14,VEV_4000,XIRECS,1252.0,3,1,aggr_buy,1231.0,1252.0,10.5,21.0,1,0,1.0,2.5,3.0,0.0,1.5,-9.0,14.0,15.5,-23.0,early,wide
202700,Mark 38,Mark 14,HYDROGEL_PACK,XIRECS,10033.0,5,1,aggr_buy,10017.0,10033.0,8.0,16.0,1,0,-3.0,-3.0,-3.0,-15.0,-1.0,-15.0,-26.0,12.5,-26.0,early,wide
203200,Mark 14,Mark 38,HYDROGEL_PACK,XIRECS,10014.0,6,1,aggr_sell,10014.0,10030.0,8.0,16.0,1,0,-3.0,-2.5,-3.0,-11.0,1.0,-11.0,-22.0,17.5,-22.0,early,wide
203700,Mark 55,Mark 14,VELVETFRUIT_EXTRACT,XIRECS,5241.0,3,1,aggr_buy,5236.0,5241.0,2.5,5.0,1,0,4.0,4.0,-1.0,7.0,7.0,-3.0,18.0,18.0,-30.0,early,mid
206200,Mark 14,Mark 22,VEV_5400,XIRECS,16.0,3,1,aggr_sell,16.0,17.0,0.5,1.0,3,1,0.0,0.0,-1.0,0.5,3.5,-1.0,0.5,6.0,-18.0,early,tight
206200,Mark 01,Mark 22,VEV_6000,XIRECS,0.0,3,1,aggr_sell,0.0,1.0,0.5,1.0,3,1,0.0,0.0,-1.0,0.0,3.5,-1.0,0.0,6.0,-18.0,early,tight
206200,Mark 01,Mark 22,VEV_6500,XIRECS,0.0,3,1,aggr_sell,0.0,1.0,0.5,1.0,3,1,0.0,0.0,-1.0,0.0,3.5,-1.0,0.0,6.0,-18.0,early,tight
206600,Mark 38,Mark 14,VEV_4000,XIRECS,1255.0,1,1,aggr_buy,1234.0,1255.0,10.5,21.0,1,0,1.5,2.0,-6.0,2.0,2.0,2.0,6.0,6.0,-12.0,early,wide
206800,Mark 01,Mark 55,VELVETFRUIT_EXTRACT,XIRECS,5241.0,6,1,aggr_sell,5241.0,5246.0,2.5,5.0,1,0,2.0,2.0,-6.0,3.0,3.0,5.0,8.0,8.0,-13.0,early,mid
207600,Mark 55,Mark 01,VELVETFRUIT_EXTRACT,XIRECS,5251.0,4,1,aggr_buy,5245.0,5251.0,3.0,6.0,1,0,-0.5,-0.5,2.0,0.5,0.5,6.0,3.0,3.0,-4.0,early,mid
210300,Mark 14,Mark 55,VELVETFRUIT_EXTRACT,XIRECS,5250.0,5,1,aggr_sell,5250.0,5255.0,2.5,5.0,1,0,-1.0,-1.0,1.0,3.0,3.0,-1.0,-6.0,-6.0,3.0,early,mid
210600,Mark 14,Mark 38,HYDROGEL_PACK,XIRECS,9990.0,5,1,aggr_sell,9990.0,10006.0,8.0,16.0,1,0,6.0,1.5,6.0,4.0,5.0,4.0,8.0,-6.0,8.0,early,wide
211100,Mark 14,Mark 38,HYDROGEL_PACK,XIRECS,9996.0,6,1,aggr_sell,9996.0,10012.0,8.0,16.0,1,0,2.0,1.0,2.0,-2.0,3.0,-2.0,-2.0,-10.0,-2.0,early,wide
213700,Mark 55,Mark 01,VELVETFRUIT_EXTRACT,XIRECS,5259.0,5,1,aggr_buy,5254.0,5259.0,2.5,5.0,1,0,-3.0,-3.0,-1.0,-4.0,-4.0,-2.0,-9.0,-9.0,-5.0,early,mid
214400,Mark 01,Mark 55,VELVETFRUIT_EXTRACT,XIRECS,5250.0,3,1,aggr_sell,5250.0,5256.0,3.0,6.0,1,0,-2.0,-2.0,-4.0,-3.5,-3.5,9.0,-5.0,-5.0,0.0,early,mid
215000,Mark 14,Mark 55,VELVETFRUIT_EXTRACT,XIRECS,5249.0,4,1,aggr_sell,5249.0,5254.0,2.5,5.0,1,0,2.0,2.0,2.0,1.5,1.5,11.0,1.0,1.0,-3.0,early,mid
216000,Mark 38,Mark 14,VEV_4000,XIRECS,1263.0,1,1,aggr_buy,1242.0,1263.0,10.5,21.0,1,0,-2.0,-1.5,6.0,1.0,1.5,11.0,0.0,0.5,-11.0,early,wide
217100,Mark 55,Mark 14,VELVETFRUIT_EXTRACT,XIRECS,5257.0,4,1,aggr_buy,5252.0,5257.0,2.5,5.0,1,0,-3.5,-3.5,2.5,-3.0,-3.0,-0.5,-0.5,-0.5,-19.5,early,mid
217500,Mark 38,Mark 14,HYDROGEL_PACK,XIRECS,10011.0,4,1,aggr_buy,9995.0,10011.0,8.0,16.0,1,0,-2.0,1.5,-2.0,1.0,-0.5,1.0,-22.0,2.5,-22.0,early,wide
217800,Mark 38,Mark 14,VEV_4000,XIRECS,1263.0,1,1,aggr_buy,1242.0,1263.0,10.5,21.0,1,0,0.0,0.5,1.0,-3.0,-2.0,-9.0,1.0,1.5,-24.0,early,wide
218500,Mark 38,Mark 14,HYDROGEL_PACK,XIRECS,10017.0,5,1,aggr_buy,10001.0,10017.0,8.0,16.0,1,0,-4.0,0.5,-4.0,-5.0,-5.5,-5.0,-22.0,-2.5,-22.0,early,wide
218900,Mark 38,Mark 14,HYDROGEL_PACK,XIRECS,10014.0,3,1,aggr_buy,9998.0,10014.0,8.0,16.0,2,1,-2.0,0.0,-2.0,1.0,-7.0,1.0,-19.0,-5.0,-19.0,early,wide
218900,Mark 14,Mark 55,VELVETFRUIT_EXTRACT,XIRECS,5249.0,8,1,aggr_sell,5249.0,5254.0,2.5,5.0,2,1,0.0,0.0,-2.0,-7.0,-7.0,1.0,-5.0,-5.0,-19.0,early,mid
221200,Mark 38,Mark 14,HYDROGEL_PACK,XIRECS,10011.0,5,1,aggr_buy,9995.0,10011.0,8.0,16.0,1,0,4.0,-0.5,4.0,-8.0,2.0,-8.0,6.0,-1.5,6.0,early,wide
221800,Mark 14,Mark 55,VELVETFRUIT_EXTRACT,XIRECS,5241.0,7,1,aggr_sell,5241.0,5246.0,2.5,5.0,1,0,3.0,3.0,-5.5,4.5,4.5,-22.5,-0.5,-0.5,0.5,early,mid
222900,Mark 14,Mark 38,VEV_4000,XIRECS,1236.0,3,1,aggr_sell,1236.0,1257.0,10.5,21.0,1,0,-1.0,-1.0,-7.0,4.0,4.0,-17.0,-3.0,-3.0,10.0,early,wide
223300,Mark 38,Mark 14,VEV_4000,XIRECS,1257.0,2,1,aggr_buy,1236.0,1257.0,10.5,21.0,1,0,2.0,1.5,-5.0,3.0,3.0,-8.0,-4.0,-4.0,16.0,early,wide
224100,Mark 38,Mark 14,VEV_4000,XIRECS,1258.0,2,1,aggr_buy,1237.0,1258.0,10.5,21.0,1,0,1.0,1.5,-1.0,6.5,6.5,-4.0,-4.0,-3.5,22.0,early,wide
225100,Mark 55,Mark 14,VELVETFRUIT_EXTRACT,XIRECS,5254.0,5,1,aggr_buy,5249.0,5254.0,2.5,5.0,1,0,-1.0,-1.0,-2.0,2.5,2.5,-1.0,-4.5,-4.5,29.0,early,mid
226100,Mark 14,Mark 38,HYDROGEL_PACK,XIRECS,9974.0,5,1,aggr_sell,9974.0,9990.0,8.0,16.0,1,0,0.0,-1.5,0.0,-1.0,0.0,-1.0,27.0,-7.0,27.0,early,wide
229100,Mark 38,Mark 14,VEV_4000,XIRECS,1258.0,1,1,aggr_buy,1237.0,1258.0,10.5,21.0,1,0,-1.0,-0.5,-3.0,-4.0,-3.5,20.0,6.0,6.5,29.0,early,wide
230000,Mark 38,Mark 14,HYDROGEL_PACK,XIRECS,9998.0,4,1,aggr_buy,9982.0,9998.0,8.0,16.0,1,0,7.0,-1.0,7.0,20.0,-2.0,20.0,21.0,9.0,21.0,early,wide
230800,Mark 38,Mark 14,HYDROGEL_PACK,XIRECS,10007.0,3,1,aggr_buy,9991.0,10007.0,8.0,16.0,1,0,11.0,-0.5,11.0,12.0,2.0,12.0,24.5,14.5,24.5,early,wide
235300,Mark 01,Mark 22,VEV_5400,XIRECS,16.0,3,1,aggr_sell,16.0,17.0,0.5,1.0,4,1,0.0,1.0,0.0,0.5,5.0,12.0,1.0,7.5,2.0,early,tight
235300,Mark 01,Mark 22,VEV_5500,XIRECS,7.0,3,1,aggr_sell,7.0,8.0,0.5,1.0,4,1,0.0,1.0,0.0,0.0,5.0,12.0,0.0,7.5,2.0,early,tight
235300,Mark 01,Mark 22,VEV_6000,XIRECS,0.0,3,1,aggr_sell,0.0,1.0,0.5,1.0,4,1,0.0,1.0,0.0,0.0,5.0,12.0,0.0,7.5,2.0,early,tight
235300,Mark 01,Mark 22,VEV_6500,XIRECS,0.0,3,1,aggr_sell,0.0,1.0,0.5,1.0,4,1,0.0,1.0,0.0,0.0,5.0,12.0,0.0,7.5,2.0,early,tight
235900,Mark 14,Mark 38,HYDROGEL_PACK,XIRECS,9998.0,3,1,aggr_sell,9998.0,10014.0,8.0,16.0,1,0,7.0,-2.5,7.0,13.0,3.5,13.0,0.0,7.0,0.0,early,wide
237900,Mark 55,Mark 01,VELVETFRUIT_EXTRACT,XIRECS,5254.0,6,1,aggr_buy,5248.0,5254.0,3.0,6.0,1,0,-2.5,-2.5,-4.0,4.5,4.5,-6.0,6.0,6.0,-3.0,early,mid
238200,Mark 38,Mark 14,HYDROGEL_PACK,XIRECS,10025.0,2,1,aggr_buy,10009.0,10025.0,8.0,16.0,1,0,0.0,0.5,0.0,-2.0,5.5,-2.0,0.0,8.5,0.0,early,wide
239400,Mark 14,Mark 55,VELVETFRUIT_EXTRACT,XIRECS,5251.0,6,1,aggr_sell,5251.0,5256.0,2.5,5.0,1,0,2.0,2.0,-3.0,5.0,5.0,1.0,12.0,12.0,-11.0,early,mid
239600,Mark 14,Mark 38,HYDROGEL_PACK,XIRECS,10006.0,4,1,aggr_sell,10006.0,10022.0,8.0,16.0,2,1,-4.0,1.5,-4.0,-2.0,6.0,-2.0,-8.0,12.0,-8.0,early,wide
239600,Mark 55,Mark 22,VELVETFRUIT_EXTRACT,XIRECS,5255.0,5,1,aggr_buy,5252.0,5255.0,1.5,3.0,2,1,1.5,1.5,-4.0,6.0,6.0,-2.0,12.0,12.0,-8.0,early,mid
239700,Mark 38,Mark 14,HYDROGEL_PACK,XIRECS,10021.0,6,1,aggr_buy,10005.0,10021.0,8.0,16.0,1,0,2.0,1.0,2.0,-3.0,6.0,-3.0,-8.0,11.0,-8.0,early,wide
240200,Mark 55,Mark 14,VELVETFRUIT_EXTRACT,XIRECS,5258.0,3,1,aggr_buy,5253.0,5258.0,2.5,5.0,1,0,2.0,2.0,8.0,6.0,6.0,-4.0,9.5,9.5,-14.0,early,mid
240600,Mark 14,Mark 38,HYDROGEL_PACK,XIRECS,10013.0,3,1,aggr_sell,10013.0,10029.0,8.0,16.0,1,0,-5.0,3.0,-5.0,-15.0,2.0,-15.0,-23.0,6.0,-23.0,early,wide
241900,Mark 14,Mark 38,HYDROGEL_PACK,XIRECS,10005.0,2,1,aggr_sell,10005.0,10021.0,8.0,16.0,1,0,-7.0,-1.0,-7.0,-7.5,-4.0,-7.5,-19.0,1.5,-19.0,early,wide
242900,Mark 67,Mark 22,VELVETFRUIT_EXTRACT,XIRECS,5254.0,5,1,aggr_buy,5252.0,5254.0,1.0,2.0,1,0,1.5,1.5,2.0,3.5,3.5,9.0,12.5,12.5,-8.0,early,tight
245600,Mark 55,Mark 14,VELVETFRUIT_EXTRACT,XIRECS,5256.0,6,1,aggr_buy,5251.0,5256.0,2.5,5.0,1,0,2.5,2.5,-5.0,3.0,3.0,2.0,10.0,10.0,-34.0,early,mid
248200,Mark 38,Mark 14,HYDROGEL_PACK,XIRECS,10025.0,5,1,aggr_buy,10009.0,10025.0,8.0,16.0,1,0,0.0,3.5,0.0,-16.0,6.5,-16.0,-46.0,-2.5,-46.0,early,wide
248300,Mark 01,Mark 55,VELVETFRUIT_EXTRACT,XIRECS,5257.0,5,1,aggr_sell,5257.0,5262.0,2.5,5.0,1,0,4.0,4.0,0.0,5.0,5.0,-15.0,-1.0,-1.0,-46.0,early,mid
250500,Mark 01,Mark 55,VELVETFRUIT_EXTRACT,XIRECS,5260.0,4,1,aggr_sell,5260.0,5265.0,2.5,5.0,1,0,1.0,1.0,-6.0,2.0,2.0,-4.0,-6.5,-6.5,-15.0,early,mid
250600,Mark 14,Mark 38,VEV_4000,XIRECS,1252.0,2,1,aggr_sell,1252.0,1273.0,10.5,21.0,1,0,1.0,1.0,-4.0,4.5,5.0,0.0,-5.0,-5.0,-14.0,early,wide
251200,Mark 01,Mark 55,VELVETFRUIT_EXTRACT,XIRECS,5262.0,8,1,aggr_sell,5262.0,5267.0,2.5,5.0,1,0,0.5,0.5,1.0,-2.0,-2.0,1.0,-7.0,-7.0,-2.0,early,mid
251600,Mark 38,Mark 14,VEV_4000,XIRECS,1275.0,3,1,aggr_buy,1254.0,1275.0,10.5,21.0,1,0,-1.0,-1.0,-2.0,0.0,0.0,1.0,-8.0,-10.5,-5.0,early,wide
251900,Mark 67,Mark 49,VELVETFRUIT_EXTRACT,XIRECS,5263.0,14,1,aggr_buy,5261.0,5263.0,1.0,2.0,1,0,2.5,2.5,0.0,1.5,1.5,-1.0,-7.0,-7.0,-4.0,early,tight
252400,Mark 55,Mark 14,VELVETFRUIT_EXTRACT,XIRECS,5267.0,6,1,aggr_buy,5262.0,5267.0,2.5,5.0,1,0,1.0,1.0,4.0,0.5,0.5,-4.0,-11.5,-11.5,1.0,early,mid
252500,Mark 14,Mark 38,HYDROGEL_PACK,XIRECS,9988.0,3,1,aggr_sell,9988.0,10004.0,8.0,16.0,6,1,-1.0,0.0,-1.0,-4.0,0.0,-4.0,2.0,-10.0,2.0,early,wide
252500,Mark 01,Mark 22,VEV_5300,XIRECS,53.0,2,1,aggr_sell,53.0,55.0,1.0,2.0,6,1,0.0,0.0,-1.0,0.0,0.0,-4.0,-4.0,-10.0,2.0,early,tight
252500,Mark 01,Mark 22,VEV_5400,XIRECS,19.0,2,1,aggr_sell,19.0,21.0,1.0,2.0,6,1,0.0,0.0,-1.0,0.0,0.0,-4.0,-2.0,-10.0,2.0,early,tight
252500,Mark 01,Mark 22,VEV_5500,XIRECS,8.0,2,1,aggr_sell,8.0,10.0,1.0,2.0,6,1,0.0,0.0,-1.0,0.0,0.0,-4.0,-1.0,-10.0,2.0,early,tight
252500,Mark 01,Mark 22,VEV_6000,XIRECS,0.0,2,1,aggr_sell,0.0,1.0,0.5,1.0,6,1,0.0,0.0,-1.0,0.0,0.0,-4.0,0.0,-10.0,2.0,early,tight
252500,Mark 01,Mark 22,VEV_6500,XIRECS,0.0,2,1,aggr_sell,0.0,1.0,0.5,1.0,6,1,0.0,0.0,-1.0,0.0,0.0,-4.0,0.0,-10.0,2.0,early,tight
253900,Mark 55,Mark 14,VELVETFRUIT_EXTRACT,XIRECS,5266.0,3,1,aggr_buy,5261.0,5266.0,2.5,5.0,1,0,1.5,1.5,-3.0,1.0,1.0,-15.0,-9.0,-9.0,16.5,early,mid
254700,Mark 38,Mark 14,HYDROGEL_PACK,XIRECS,9997.0,5,1,aggr_buy,9988.0,9997.0,4.5,9.0,1,0,-7.5,1.0,-7.5,-13.5,2.5,-13.5,8.5,-11.5,8.5,early,mid
255000,Mark 14,Mark 38,HYDROGEL_PACK,XIRECS,9980.0,4,1,aggr_sell,9980.0,9996.0,8.0,16.0,1,0,-10.0,-0.5,-10.0,-9.0,2.5,-9.0,13.0,-9.5,13.0,early,wide
255300,Mark 14,Mark 38,HYDROGEL_PACK,XIRECS,9973.0,2,1,aggr_sell,9973.0,9989.0,8.0,16.0,1,0,-6.0,0.5,-6.0,-8.0,-0.5,-8.0,21.0,-13.0,21.0,early,wide
255400,Mark 14,Mark 38,HYDROGEL_PACK,XIRECS,9973.0,3,1,aggr_sell,9973.0,9989.0,8.0,16.0,1,0,-3.0,1.5,-3.0,-8.0,1.5,-8.0,19.0,-14.0,19.0,early,wide
258400,Mark 67,Mark 22,VELVETFRUIT_EXTRACT,XIRECS,5257.0,8,1,aggr_buy,5255.0,5257.0,1.0,2.0,1,0,2.0,2.0,1.0,-2.5,-2.5,15.0,-9.5,-9.5,24.0,early,tight
262200,Mark 01,Mark 55,VELVETFRUIT_EXTRACT,XIRECS,5250.0,4,1,aggr_sell,5250.0,5255.0,2.5,5.0,1,0,5.0,5.0,3.0,0.0,0.0,10.0,7.0,7.0,-20.0,early,mid
262300,Mark 38,Mark 14,HYDROGEL_PACK,XIRECS,10005.0,4,1,aggr_buy,9989.0,10005.0,8.0,16.0,1,0,3.0,1.0,3.0,5.0,-2.0,5.0,-22.0,6.0,-22.0,early,wide
262800,Mark 38,Mark 14,HYDROGEL_PACK,XIRECS,10008.0,2,1,aggr_buy,9992.0,10008.0,8.0,16.0,1,0,3.0,1.0,3.0,0.0,-3.0,0.0,-25.0,7.0,-25.0,early,wide
263100,Mark 38,Mark 14,VEV_4000,XIRECS,1268.0,3,1,aggr_buy,1247.0,1268.0,10.5,21.0,1,0,-4.0,-4.0,-4.0,-5.0,-5.0,-7.0,3.0,3.0,-27.0,early,wide
263900,Mark 55,Mark 14,VELVETFRUIT_EXTRACT,XIRECS,5257.0,7,1,aggr_buy,5252.0,5257.0,2.5,5.0,1,0,-2.0,-2.0,-5.5,-4.0,-4.0,-14.5,5.0,5.0,-27.5,early,mid
265400,Mark 67,Mark 49,VELVETFRUIT_EXTRACT,XIRECS,5250.0,9,1,aggr_buy,5248.0,5250.0,1.0,2.0,1,0,1.5,1.5,-5.0,1.5,1.5,-4.0,9.5,9.5,-14.0,early,tight
265600,Mark 14,Mark 55,VELVETFRUIT_EXTRACT,XIRECS,5248.0,5,1,aggr_sell,5248.0,5253.0,2.5,5.0,1,0,0.5,0.5,-1.0,-1.5,-1.5,-1.0,9.0,9.0,-8.0,early,mid
265800,Mark 55,Mark 14,VELVETFRUIT_EXTRACT,XIRECS,5252.0,7,1,aggr_buy,5247.0,5252.0,2.5,5.0,1,0,3.0,3.0,-4.0,-2.0,-2.0,-3.0,9.0,9.0,-9.0,early,mid
265900,Mark 14,Mark 38,VEV_4000,XIRECS,1240.0,1,1,aggr_sell,1240.0,1261.0,10.5,21.0,1,0,0.0,0.0,-1.0,-4.0,-3.0,-4.0,7.0,7.0,-10.0,early,wide
266300,Mark 38,Mark 14,HYDROGEL_PACK,XIRECS,9999.0,4,1,aggr_buy,9983.0,9999.0,8.0,16.0,1,0,1.0,-3.0,1.0,1.0,-6.0,1.0,-6.0,0.0,-6.0,early,wide
266500,Mark 55,Mark 01,VELVETFRUIT_EXTRACT,XIRECS,5253.0,5,1,aggr_buy,5247.0,5253.0,3.0,6.0,1,0,0.5,0.5,2.0,-3.5,-3.5,3.0,4.0,4.0,-3.0,early,mid
266600,Mark 38,Mark 14,HYDROGEL_PACK,XIRECS,9997.0,4,1,aggr_buy,9981.0,9997.0,8.0,16.0,1,0,1.0,2.5,1.0,0.0,-1.0,0.0,-6.0,4.0,-6.0,early,wide
267400,Mark 55,Mark 14,VELVETFRUIT_EXTRACT,XIRECS,5253.0,3,1,aggr_buy,5248.0,5253.0,2.5,5.0,1,0,-3.0,-3.0,-5.0,0.0,0.0,-13.0,1.0,1.0,-10.0,early,mid
268300,Mark 38,Mark 14,VEV_4000,XIRECS,1257.0,2,1,aggr_buy,1236.0,1257.0,10.5,21.0,1,0,0.0,0.0,-7.0,7.0,7.5,-10.0,9.0,9.0,-16.0,early,wide
268700,Mark 55,Mark 14,VELVETFRUIT_EXTRACT,XIRECS,5251.0,5,1,aggr_buy,5246.0,5251.0,2.5,5.0,1,0,1.5,1.5,-6.0,10.5,10.5,-5.0,6.5,6.5,-8.0,early,mid
269300,Mark 14,Mark 38,HYDROGEL_PACK,XIRECS,9973.0,3,1,aggr_sell,9973.0,9989.0,8.0,16.0,2,1,1.0,1.5,1.0,-1.0,8.0,-1.0,-6.0,7.0,-6.0,early,wide
269300,Mark 01,Mark 55,VELVETFRUIT_EXTRACT,XIRECS,5247.0,5,1,aggr_sell,5247.0,5252.0,2.5,5.0,2,1,1.5,1.5,1.0,8.0,8.0,-1.0,7.0,7.0,-6.0,early,mid
271600,Mark 14,Mark 38,VEV_4000,XIRECS,1248.0,1,1,aggr_sell,1248.0,1269.0,10.5,21.0,1,0,1.0,0.5,-6.0,2.5,2.0,1.0,-1.0,-1.5,-15.0,early,wide
272600,Mark 67,Mark 22,VELVETFRUIT_EXTRACT,XIRECS,5261.0,7,1,aggr_buy,5259.0,5261.0,1.0,2.0,1,0,0.5,0.5,3.0,-1.5,-1.5,5.5,1.5,1.5,-4.0,early,tight
274600,Mark 38,Mark 14,HYDROGEL_PACK,XIRECS,9989.0,2,1,aggr_buy,9974.0,9989.0,7.5,15.0,1,0,3.0,-2.0,3.0,1.5,-6.0,1.5,-9.5,3.0,-9.5,early,wide
275300,Mark 55,Mark 01,VELVETFRUIT_EXTRACT,XIRECS,5259.0,8,1,aggr_buy,5256.0,5259.0,1.5,3.0,1,0,1.0,1.0,0.0,-6.0,-6.0,0.0,7.0,7.0,-15.0,early,mid
275700,Mark 38,Mark 14,HYDROGEL_PACK,XIRECS,9996.0,2,1,aggr_buy,9980.0,9996.0,8.0,16.0,1,0,-4.0,-5.5,-4.0,-9.0,-8.0,-9.0,-14.0,5.0,-14.0,early,wide
276500,Mark 55,Mark 14,VELVETFRUIT_EXTRACT,XIRECS,5255.0,7,1,aggr_buy,5253.0,5255.0,1.0,2.0,1,0,-2.5,-2.5,-2.0,1.5,1.5,-6.0,11.5,11.5,-17.0,early,tight
277400,Mark 55,Mark 14,VELVETFRUIT_EXTRACT,XIRECS,5254.0,4,1,aggr_buy,5249.0,5254.0,2.5,5.0,1,0,1.5,1.5,-4.0,7.0,7.0,-13.0,15.0,15.0,-20.0,early,mid
278300,Mark 55,Mark 14,VELVETFRUIT_EXTRACT,XIRECS,5258.0,5,1,aggr_buy,5253.0,5258.0,2.5,5.0,1,0,1.0,1.0,2.0,3.0,3.0,-9.0,10.0,10.0,-22.5,early,mid
279600,Mark 55,Mark 01,VELVETFRUIT_EXTRACT,XIRECS,5260.0,4,1,aggr_buy,5254.0,5260.0,3.0,6.0,1,0,4.0,4.0,-11.0,0.5,0.5,-13.0,11.0,11.0,-26.0,early,mid
280500,Mark 38,Mark 14,HYDROGEL_PACK,XIRECS,9973.0,2,1,aggr_buy,9957.0,9973.0,8.0,16.0,1,0,-5.0,0.0,-5.0,6.0,6.0,6.0,-13.0,15.5,-13.0,early,wide
281100,Mark 14,Mark 38,HYDROGEL_PACK,XIRECS,9952.0,3,1,aggr_sell,9952.0,9968.0,8.0,16.0,1,0,4.0,3.0,4.0,11.0,4.0,11.0,-2.0,19.0,-2.0,early,wide
281400,Mark 67,Mark 49,VELVETFRUIT_EXTRACT,XIRECS,5253.0,15,1,aggr_buy,5252.0,5253.0,0.5,1.0,1,0,4.0,4.0,5.0,4.0,4.0,9.0,20.5,20.5,-9.0,early,tight
281500,Mark 38,Mark 14,VEV_4000,XIRECS,1267.0,1,1,aggr_buy,1246.0,1267.0,10.5,21.0,1,0,1.0,-1.0,6.0,0.0,0.0,9.0,17.5,18.0,-8.0,early,wide
282200,Mark 38,Mark 14,HYDROGEL_PACK,XIRECS,9979.0,2,1,aggr_buy,9963.0,9979.0,8.0,16.0,2,1,-2.0,-2.5,-2.0,5.0,-1.0,5.0,-17.0,10.0,-17.0,early,wide
282200,Mark 14,Mark 55,VELVETFRUIT_EXTRACT,XIRECS,5260.0,7,1,aggr_sell,5260.0,5265.0,2.5,5.0,2,1,-2.5,-2.5,-2.0,-1.0,-1.0,5.0,10.0,10.0,-17.0,early,mid
283400,Mark 55,Mark 14,VELVETFRUIT_EXTRACT,XIRECS,5259.0,7,1,aggr_buy,5254.0,5259.0,2.5,5.0,1,0,4.0,4.0,0.0,8.0,8.0,1.0,14.5,14.5,-13.0,early,mid
285400,Mark 14,Mark 38,HYDROGEL_PACK,XIRECS,9965.0,5,1,aggr_sell,9965.0,9981.0,8.0,16.0,1,0,5.0,-1.5,5.0,-7.0,2.0,-7.0,-21.0,10.5,-21.0,early,wide
286300,Mark 55,Mark 01,VELVETFRUIT_EXTRACT,XIRECS,5266.0,6,1,aggr_buy,5260.0,5266.0,3.0,6.0,1,0,2.5,2.5,-1.0,2.5,2.5,-16.5,11.5,11.5,-18.0,early,mid
286600,Mark 38,Mark 14,VEV_4000,XIRECS,1277.0,2,1,aggr_buy,1256.0,1277.0,10.5,21.0,1,0,1.0,1.0,-7.0,0.0,0.0,-11.5,8.0,8.0,-21.0,early,wide
288800,Mark 38,Mark 14,VEV_4000,XIRECS,1278.0,1,1,aggr_buy,1257.0,1278.0,10.5,21.0,1,0,-0.5,-0.5,-5.0,6.0,6.0,-2.0,0.0,0.0,-11.0,early,wide
289100,Mark 55,Mark 14,VELVETFRUIT_EXTRACT,XIRECS,5271.0,5,1,aggr_buy,5266.0,5271.0,2.5,5.0,1,0,-0.5,-0.5,-2.0,5.0,5.0,5.0,0.0,0.0,0.0,early,mid
289200,Mark 67,Mark 49,VELVETFRUIT_EXTRACT,XIRECS,5266.0,11,1,aggr_buy,5265.0,5266.0,0.5,1.0,1,0,4.0,4.0,-1.0,8.0,8.0,2.0,2.5,2.5,-2.0,early,tight
290900,Mark 38,Mark 14,HYDROGEL_PACK,XIRECS,9965.0,3,1,aggr_buy,9949.0,9965.0,8.0,16.0,1,0,-3.0,0.5,-3.0,3.0,0.0,3.0,-4.0,-1.0,-4.0,early,wide
291400,Mark 55,Mark 49,VELVETFRUIT_EXTRACT,XIRECS,5274.0,5,1,aggr_buy,5272.0,5274.0,1.0,2.0,1,0,-1.5,-1.5,-3.0,-2.0,-2.0,5.0,-4.5,-4.5,2.0,early,tight
291800,Mark 67,Mark 22,VELVETFRUIT_EXTRACT,XIRECS,5270.0,5,1,aggr_buy,5268.0,5270.0,1.0,2.0,1,0,3.5,3.5,2.0,1.5,1.5,6.0,-0.5,-0.5,-2.0,early,tight
292400,Mark 55,Mark 01,VELVETFRUIT_EXTRACT,XIRECS,5275.0,8,1,aggr_buy,5269.0,5275.0,3.0,6.0,1,0,0.5,0.5,7.0,3.0,3.0,2.0,-2.5,-2.5,-9.0,early,mid
292800,Mark 14,Mark 38,HYDROGEL_PACK,XIRECS,9951.0,6,1,aggr_sell,9951.0,9967.0,8.0,16.0,1,0,2.0,-1.0,2.0,-8.0,5.0,-8.0,-12.0,-2.0,-12.0,early,wide
295000,Mark 38,Mark 14,HYDROGEL_PACK,XIRECS,9959.0,5,1,aggr_buy,9943.0,9959.0,8.0,16.0,1,0,2.0,-1.5,2.0,-1.0,-2.0,-1.0,8.0,-12.0,8.0,early,wide
296900,Mark 01,Mark 55,VELVETFRUIT_EXTRACT,XIRECS,5270.0,5,1,aggr_sell,5270.0,5276.0,3.0,6.0,1,0,-0.5,-0.5,-2.5,-4.5,-4.5,-0.5,-6.5,-6.5,8.5,early,mid
297100,Mark 38,Mark 14,HYDROGEL_PACK,XIRECS,9958.0,3,1,aggr_buy,9942.0,9958.0,8.0,16.0,1,0,-1.0,-1.0,-1.0,3.0,-5.0,3.0,10.0,-5.0,10.0,early,wide
297400,Mark 55,Mark 14,VELVETFRUIT_EXTRACT,XIRECS,5275.0,4,1,aggr_buy,5270.0,5275.0,2.5,5.0,1,0,-1.5,-1.5,-6.0,-0.5,-0.5,-2.0,-1.0,-1.0,5.0,early,mid
297500,Mark 14,Mark 38,VEV_4000,XIRECS,1262.0,1,1,aggr_sell,1262.0,1284.0,11.0,22.0,1,0,-2.5,-2.0,-6.0,-2.5,-2.0,-1.0,-0.5,0.0,1.0,early,wide
301100,Mark 38,Mark 14,HYDROGEL_PACK,XIRECS,9966.0,3,1,aggr_buy,9950.0,9966.0,8.0,16.0,1,0,-4.5,0.5,-4.5,-12.0,-3.5,-12.0,-29.0,-5.5,-29.0,early,wide
301300,Mark 38,Mark 14,HYDROGEL_PACK,XIRECS,9967.0,2,1,aggr_buy,9951.0,9967.0,8.0,16.0,1,0,-11.0,-3.0,-11.0,-13.0,-5.0,-13.0,-27.5,-7.0,-27.5,early,wide
302400,Mark 14,Mark 38,HYDROGEL_PACK,XIRECS,9936.0,6,1,aggr_sell,9936.0,9952.0,8.0,16.0,1,0,0.0,-2.0,0.0,9.0,-4.0,9.0,-14.0,-3.0,-14.0,early,wide
304000,Mark 01,Mark 22,VEV_5400,XIRECS,19.0,3,1,aggr_sell,19.0,21.0,1.0,2.0,4,1,0.0,0.0,5.0,-0.5,-1.5,3.0,-2.0,-8.5,-18.0,early,tight
304000,Mark 01,Mark 22,VEV_5500,XIRECS,8.0,3,1,aggr_sell,8.0,9.0,0.5,1.0,4,1,0.0,0.0,5.0,0.0,-1.5,3.0,-1.0,-8.5,-18.0,early,tight
304000,Mark 01,Mark 22,VEV_6000,XIRECS,0.0,3,1,aggr_sell,0.0,1.0,0.5,1.0,4,1,0.0,0.0,5.0,0.0,-1.5,3.0,0.0,-8.5,-18.0,early,tight
304000,Mark 01,Mark 22,VEV_6500,XIRECS,0.0,3,1,aggr_sell,0.0,1.0,0.5,1.0,4,1,0.0,0.0,5.0,0.0,-1.5,3.0,0.0,-8.5,-18.0,early,tight
304200,Mark 14,Mark 38,HYDROGEL_PACK,XIRECS,9944.0,2,1,aggr_sell,9944.0,9960.0,8.0,16.0,1,0,7.0,1.5,7.0,5.0,-1.0,5.0,-17.0,-10.5,-17.0,early,wide
306500,Mark 38,Mark 14,HYDROGEL_PACK,XIRECS,9967.0,5,1,aggr_buy,9951.0,9967.0,8.0,16.0,1,0,2.0,1.5,2.0,-8.0,5.5,-8.0,-27.0,-17.5,-27.0,early,wide
307100,Mark 38,Mark 14,VEV_4000,XIRECS,1279.0,1,1,aggr_buy,1258.0,1279.0,10.5,21.0,1,0,2.5,3.0,-7.0,-1.5,-1.0,-14.0,-22.0,-22.0,-23.0,early,wide
307500,Mark 55,Mark 01,VELVETFRUIT_EXTRACT,XIRECS,5275.0,8,1,aggr_buy,5270.0,5275.0,2.5,5.0,1,0,-1.5,-1.5,-2.0,-7.0,-7.0,-12.0,-25.0,-25.0,-10.0,early,mid
308000,Mark 14,Mark 38,HYDROGEL_PACK,XIRECS,9943.0,3,1,aggr_sell,9943.0,9959.0,8.0,16.0,1,0,0.0,-0.5,0.0,-15.0,-3.5,-15.0,-11.0,-24.5,-11.0,early,wide
308100,Mark 14,Mark 38,HYDROGEL_PACK,XIRECS,9945.0,4,1,aggr_sell,9945.0,9961.0,8.0,16.0,2,1,-1.0,-0.5,-1.0,-18.0,-1.5,-18.0,-12.0,-22.5,-12.0,early,wide
308100,Mark 67,Mark 22,VELVETFRUIT_EXTRACT,XIRECS,5271.0,6,1,aggr_buy,5269.0,5271.0,1.0,2.0,2,1,-0.5,-0.5,-1.0,-1.5,-1.5,-18.0,-22.5,-22.5,-12.0,early,tight
309500,Mark 55,Mark 01,VELVETFRUIT_EXTRACT,XIRECS,5268.0,4,1,aggr_buy,5263.0,5268.0,2.5,5.0,1,0,2.0,2.0,-5.0,-1.0,-1.0,-11.0,-18.5,-18.5,8.0,early,mid
310100,Mark 14,Mark 22,VEV_5400,XIRECS,20.0,5,1,aggr_sell,20.0,21.0,0.5,1.0,4,1,-0.5,-2.0,-4.0,-1.0,-4.0,-8.0,-5.0,-25.0,11.5,early,tight
310100,Mark 01,Mark 22,VEV_5500,XIRECS,8.0,5,1,aggr_sell,8.0,10.0,1.0,2.0,4,1,-0.5,-2.0,-4.0,-0.5,-4.0,-8.0,-2.5,-25.0,11.5,early,tight
310100,Mark 01,Mark 22,VEV_6000,XIRECS,0.0,5,1,aggr_sell,0.0,1.0,0.5,1.0,4,1,0.0,-2.0,-4.0,0.0,-4.0,-8.0,0.0,-25.0,11.5,early,tight
310100,Mark 01,Mark 22,VEV_6500,XIRECS,0.0,5,1,aggr_sell,0.0,1.0,0.5,1.0,4,1,0.0,-2.0,-4.0,0.0,-4.0,-8.0,0.0,-25.0,11.5,early,tight
310500,Mark 67,Mark 49,VELVETFRUIT_EXTRACT,XIRECS,5266.0,11,1,aggr_buy,5265.0,5266.0,0.5,1.0,1,0,-1.0,-1.0,-4.5,-1.0,-1.0,-2.0,-20.5,-20.5,17.5,early,tight
310600,Mark 14,Mark 55,VELVETFRUIT_EXTRACT,XIRECS,5264.0,3,1,aggr_sell,5264.0,5269.0,2.5,5.0,1,0,-2.0,-2.0,-2.0,-2.5,-2.5,-3.0,-20.0,-20.0,19.0,early,mid
313000,Mark 55,Mark 01,VELVETFRUIT_EXTRACT,XIRECS,5267.0,5,1,aggr_buy,5262.0,5267.0,2.5,5.0,1,0,-3.0,-3.0,2.0,-14.0,-14.0,9.5,-11.0,-11.0,24.0,early,mid
314500,Mark 14,Mark 55,VELVETFRUIT_EXTRACT,XIRECS,5251.0,4,1,aggr_sell,5251.0,5256.0,2.5,5.0,1,0,-3.0,-3.0,-1.5,-6.0,-6.0,-5.0,-3.0,-3.0,3.0,early,mid
316200,Mark 38,Mark 14,HYDROGEL_PACK,XIRECS,9939.0,5,1,aggr_buy,9923.0,9939.0,8.0,16.0,1,0,-1.0,-1.5,-1.0,9.0,1.5,9.0,15.0,3.5,15.0,early,wide
317100,Mark 14,Mark 38,HYDROGEL_PACK,XIRECS,9929.0,4,1,aggr_sell,9929.0,9945.0,8.0,16.0,1,0,6.0,1.0,6.0,5.0,-1.0,5.0,4.0,6.0,4.0,early,wide
318300,Mark 38,Mark 14,HYDROGEL_PACK,XIRECS,9950.0,4,1,aggr_buy,9934.0,9950.0,8.0,16.0,1,0,-3.0,-2.0,-3.0,6.0,-6.0,6.0,2.5,1.5,2.5,early,wide
318900,Mark 55,Mark 14,VELVETFRUIT_EXTRACT,XIRECS,5250.0,4,1,aggr_buy,5245.0,5250.0,2.5,5.0,1,0,1.0,1.0,12.0,1.0,1.0,6.5,1.0,1.0,9.0,early,mid
321900,Mark 55,Mark 14,VELVETFRUIT_EXTRACT,XIRECS,5253.0,7,1,aggr_buy,5248.0,5253.0,2.5,5.0,1,0,3.0,3.0,4.0,1.0,1.0,-10.0,-9.0,-9.0,4.0,mid,mid
322000,Mark 01,Mark 22,VEV_5400,XIRECS,16.0,2,1,aggr_sell,16.0,18.0,1.0,2.0,4,1,0.0,1.0,3.0,0.0,2.0,-13.0,-2.0,-11.0,3.0,mid,tight
322000,Mark 01,Mark 22,VEV_5500,XIRECS,7.0,2,1,aggr_sell,7.0,8.0,0.5,1.0,4,1,0.0,1.0,3.0,0.0,2.0,-13.0,-1.0,-11.0,3.0,mid,tight
322000,Mark 01,Mark 22,VEV_6000,XIRECS,0.0,2,1,aggr_sell,0.0,1.0,0.5,1.0,4,1,0.0,1.0,3.0,0.0,2.0,-13.0,0.0,-11.0,3.0,mid,tight
322000,Mark 01,Mark 22,VEV_6500,XIRECS,0.0,2,1,aggr_sell,0.0,1.0,0.5,1.0,4,1,0.0,1.0,3.0,0.0,2.0,-13.0,0.0,-11.0,3.0,mid,tight
322600,Mark 14,Mark 22,VEV_5200,XIRECS,98.0,4,1,aggr_sell,98.0,100.0,1.0,2.0,4,1,0.5,1.0,-4.0,-2.5,-4.0,-16.0,-7.5,-13.0,-1.0,mid,tight
322600,Mark 01,Mark 22,VEV_5500,XIRECS,7.0,4,1,aggr_sell,7.0,8.0,0.5,1.0,4,1,0.0,1.0,-4.0,-0.5,-4.0,-16.0,-1.0,-13.0,-1.0,mid,tight
322600,Mark 01,Mark 22,VEV_6000,XIRECS,0.0,4,1,aggr_sell,0.0,1.0,0.5,1.0,4,1,0.0,1.0,-4.0,0.0,-4.0,-16.0,0.0,-13.0,-1.0,mid,tight
322600,Mark 01,Mark 22,VEV_6500,XIRECS,0.0,4,1,aggr_sell,0.0,1.0,0.5,1.0,4,1,0.0,1.0,-4.0,0.0,-4.0,-16.0,0.0,-13.0,-1.0,mid,tight
323300,Mark 38,Mark 14,HYDROGEL_PACK,XIRECS,9956.0,5,1,aggr_buy,9940.0,9956.0,8.0,16.0,2,1,-7.0,1.0,-7.0,-6.5,-4.0,-6.5,1.0,-11.0,1.0,mid,wide
323300,Mark 38,Mark 14,VEV_4000,XIRECS,1262.0,3,1,aggr_buy,1241.0,1262.0,10.5,21.0,2,1,1.0,1.0,-7.0,-4.0,-4.0,-6.5,-11.0,-11.0,1.0,mid,wide
324100,Mark 55,Mark 14,VELVETFRUIT_EXTRACT,XIRECS,5254.0,7,1,aggr_buy,5249.0,5254.0,2.5,5.0,1,0,-2.0,-2.0,3.0,0.0,0.0,8.0,-4.0,-4.0,20.0,mid,mid
324600,Mark 38,Mark 14,HYDROGEL_PACK,XIRECS,9946.0,6,1,aggr_buy,9930.0,9946.0,8.0,16.0,1,0,6.0,1.0,6.0,6.0,0.5,6.0,21.0,-4.0,21.0,mid,wide
325300,Mark 14,Mark 38,VEV_4000,XIRECS,1237.0,2,1,aggr_sell,1237.0,1258.0,10.5,21.0,1,0,3.0,3.0,0.5,5.0,5.0,-3.5,0.0,0.0,9.5,mid,wide
326300,Mark 38,Mark 14,VEV_4000,XIRECS,1261.0,1,1,aggr_buy,1240.0,1261.0,10.5,21.0,1,0,2.0,2.5,-1.0,1.0,0.5,1.5,1.0,1.0,3.0,mid,wide
327600,Mark 14,Mark 38,HYDROGEL_PACK,XIRECS,9928.0,5,1,aggr_sell,9928.0,9944.0,8.0,16.0,1,0,4.0,1.0,4.0,8.0,-6.5,8.0,8.0,0.5,8.0,mid,wide
327700,Mark 38,Mark 14,HYDROGEL_PACK,XIRECS,9946.0,6,1,aggr_buy,9930.0,9946.0,8.0,16.0,1,0,5.0,2.5,5.0,8.0,-3.5,8.0,3.0,0.5,3.0,mid,wide
328000,Mark 14,Mark 38,VEV_4000,XIRECS,1243.0,1,1,aggr_sell,1243.0,1264.0,10.5,21.0,1,0,-2.0,-1.5,9.5,-7.0,-6.5,11.0,-1.0,-0.5,3.5,mid,wide
328400,Mark 14,Mark 38,VEV_4000,XIRECS,1240.0,1,1,aggr_sell,1240.0,1261.0,10.5,21.0,1,0,-2.0,-2.0,1.0,-6.0,-6.0,6.0,-1.0,-1.0,-7.0,mid,wide
328500,Mark 14,Mark 55,VELVETFRUIT_EXTRACT,XIRECS,5249.0,4,1,aggr_sell,5249.0,5254.0,2.5,5.0,1,0,-2.0,-2.0,-1.0,-6.0,-6.0,4.0,-3.0,-3.0,-6.0,mid,mid
331400,Mark 14,Mark 38,VEV_4000,XIRECS,1232.0,1,1,aggr_sell,1232.0,1253.0,10.5,21.0,1,0,-1.0,-1.0,-3.0,-1.0,-1.0,-6.0,7.0,7.0,-14.0,mid,wide
333100,Mark 01,Mark 55,VELVETFRUIT_EXTRACT,XIRECS,5236.0,4,1,aggr_sell,5236.0,5241.0,2.5,5.0,1,0,6.0,6.0,1.5,11.0,11.0,5.5,12.0,12.0,7.5,mid,mid
334900,Mark 14,Mark 38,VEV_4000,XIRECS,1237.0,1,1,aggr_sell,1237.0,1258.0,10.5,21.0,1,0,1.0,4.0,-7.0,5.0,6.5,-14.0,-2.0,-0.5,0.0,mid,wide
335300,Mark 14,Mark 38,HYDROGEL_PACK,XIRECS,9943.0,5,1,aggr_sell,9943.0,9959.0,8.0,16.0,2,1,-5.0,1.0,-5.0,-6.0,4.0,-6.0,3.0,-2.0,3.0,mid,wide
335300,Mark 01,Mark 55,VELVETFRUIT_EXTRACT,XIRECS,5245.0,3,1,aggr_sell,5245.0,5250.0,2.5,5.0,2,1,1.0,1.0,-5.0,4.0,4.0,-6.0,-2.0,-2.0,3.0,mid,mid
335500,Mark 38,Mark 14,HYDROGEL_PACK,XIRECS,9961.0,4,1,aggr_buy,9945.0,9961.0,8.0,16.0,1,0,-7.0,3.5,-7.0,-9.0,6.5,-9.0,-2.0,0.5,-2.0,mid,wide
338100,Mark 14,Mark 38,HYDROGEL_PACK,XIRECS,9931.0,3,1,aggr_sell,9931.0,9947.0,8.0,16.0,1,0,-3.0,-3.0,-3.0,4.0,-1.5,4.0,29.0,-4.0,29.0,mid,wide
339500,Mark 14,Mark 38,HYDROGEL_PACK,XIRECS,9932.0,3,1,aggr_sell,9932.0,9948.0,8.0,16.0,1,0,1.0,0.5,1.0,7.0,-1.0,7.0,29.0,-5.0,29.0,mid,wide
340100,Mark 38,Mark 14,VEV_4000,XIRECS,1260.0,2,1,aggr_buy,1239.0,1260.0,10.5,21.0,1,0,1.0,0.5,2.0,2.0,1.5,5.0,-1.0,-1.5,26.0,mid,wide
340500,Mark 67,Mark 49,VELVETFRUIT_EXTRACT,XIRECS,5249.0,9,1,aggr_buy,5248.0,5249.0,0.5,1.0,1,0,2.0,2.0,2.0,1.0,1.0,11.0,-2.0,-2.0,19.0,mid,tight
342000,Mark 14,Mark 55,VELVETFRUIT_EXTRACT,XIRECS,5249.0,6,1,aggr_sell,5249.0,5254.0,2.5,5.0,1,0,-2.0,-2.0,6.0,-1.5,-1.5,11.0,-7.0,-7.0,12.0,mid,mid
342400,Mark 14,Mark 38,HYDROGEL_PACK,XIRECS,9944.0,5,1,aggr_sell,9944.0,9960.0,8.0,16.0,1,0,9.0,1.5,9.0,11.0,-3.0,11.0,7.5,-4.5,7.5,mid,wide
343100,Mark 38,Mark 14,HYDROGEL_PACK,XIRECS,9966.0,2,1,aggr_buy,9950.0,9966.0,8.0,16.0,1,0,0.0,1.0,0.0,-2.0,-3.5,-2.0,2.0,-6.0,2.0,mid,wide
343400,Mark 67,Mark 49,VELVETFRUIT_EXTRACT,XIRECS,5251.0,13,1,aggr_buy,5250.0,5251.0,0.5,1.0,1,0,1.0,1.0,2.0,-5.0,-5.0,-6.0,-5.5,-5.5,-3.0,mid,tight
344000,Mark 14,Mark 38,HYDROGEL_PACK,XIRECS,9953.0,5,1,aggr_sell,9953.0,9969.0,8.0,16.0,1,0,1.0,-2.5,1.0,-13.0,-2.5,-13.0,-8.0,-4.5,-8.0,mid,wide
344200,Mark 55,Mark 01,VELVETFRUIT_EXTRACT,XIRECS,5253.0,4,1,aggr_buy,5248.0,5253.0,2.5,5.0,1,0,-3.0,-3.0,-4.0,-4.0,-4.0,-13.0,-7.0,-7.0,-9.0,mid,mid
345700,Mark 38,Mark 14,HYDROGEL_PACK,XIRECS,9957.0,6,1,aggr_buy,9941.0,9957.0,8.0,16.0,2,1,1.0,-1.0,1.0,20.0,0.0,20.0,5.0,-7.0,5.0,mid,wide
345700,Mark 14,Mark 55,VELVETFRUIT_EXTRACT,XIRECS,5245.0,7,1,aggr_sell,5245.0,5250.0,2.5,5.0,2,1,-1.0,-1.0,1.0,0.0,0.0,20.0,-7.0,-7.0,5.0,mid,mid
345900,Mark 38,Mark 14,HYDROGEL_PACK,XIRECS,9958.0,3,1,aggr_buy,9942.0,9958.0,8.0,16.0,1,0,7.0,1.0,7.0,15.5,-1.5,15.5,4.0,-7.0,4.0,mid,wide
348500,Mark 14,Mark 38,HYDROGEL_PACK,XIRECS,9964.0,5,1,aggr_sell,9964.0,9980.0,8.0,16.0,1,0,1.0,-5.5,1.0,-8.0,-3.5,-8.0,-20.0,-1.5,-20.0,mid,wide
350300,Mark 01,Mark 22,VEV_5400,XIRECS,15.0,4,1,aggr_sell,15.0,17.0,1.0,2.0,4,1,-0.5,-1.0,-4.0,-0.5,-1.5,-4.0,0.5,2.0,-9.0,mid,tight
350300,Mark 01,Mark 22,VEV_5500,XIRECS,6.0,4,1,aggr_sell,6.0,7.0,0.5,1.0,4,1,0.0,-1.0,-4.0,0.0,-1.5,-4.0,0.5,2.0,-9.0,mid,tight
350300,Mark 01,Mark 22,VEV_6000,XIRECS,0.0,4,1,aggr_sell,0.0,1.0,0.5,1.0,4,1,0.0,-1.0,-4.0,0.0,-1.5,-4.0,0.0,2.0,-9.0,mid,tight
350300,Mark 01,Mark 22,VEV_6500,XIRECS,0.0,4,1,aggr_sell,0.0,1.0,0.5,1.0,4,1,0.0,-1.0,-4.0,0.0,-1.5,-4.0,0.0,2.0,-9.0,mid,tight
350900,Mark 38,Mark 14,VEV_4000,XIRECS,1256.0,3,1,aggr_buy,1235.0,1256.0,10.5,21.0,1,0,-2.0,-2.0,-8.0,-1.0,-1.0,-8.0,3.0,3.0,-11.0,mid,wide
351000,Mark 38,Mark 14,HYDROGEL_PACK,XIRECS,9973.0,3,1,aggr_buy,9957.0,9973.0,8.0,16.0,1,0,-3.0,0.0,-3.0,-6.0,-1.0,-6.0,-8.0,4.0,-8.0,mid,wide
356800,Mark 14,Mark 38,VEV_4000,XIRECS,1234.0,2,1,aggr_sell,1234.0,1255.0,10.5,21.0,1,0,-1.0,-2.0,-3.0,4.0,1.0,-7.0,6.0,5.0,3.0,mid,wide
357100,Mark 38,Mark 14,HYDROGEL_PACK,XIRECS,9963.0,6,1,aggr_buy,9947.0,9963.0,8.0,16.0,1,0,1.0,4.0,1.0,-3.0,5.0,-3.0,5.0,9.0,5.0,mid,wide
358100,Mark 14,Mark 55,VELVETFRUIT_EXTRACT,XIRECS,5245.0,6,1,aggr_sell,5245.0,5250.0,2.5,5.0,1,0,0.0,0.0,-1.0,1.0,1.0,0.0,3.0,3.0,18.0,mid,mid
358300,Mark 14,Mark 38,VEV_4000,XIRECS,1237.0,3,1,aggr_sell,1237.0,1258.0,10.5,21.0,1,0,1.0,-1.0,-4.5,1.0,1.0,1.5,2.0,2.0,19.5,mid,wide
358500,Mark 38,Mark 14,HYDROGEL_PACK,XIRECS,9960.0,6,1,aggr_buy,9944.0,9960.0,8.0,16.0,1,0,-1.0,0.0,-1.0,6.0,0.0,6.0,23.0,2.0,23.0,mid,wide
360600,Mark 14,Mark 38,HYDROGEL_PACK,XIRECS,9951.0,2,1,aggr_sell,9951.0,9967.0,8.0,16.0,1,0,-1.0,0.5,-1.0,11.0,2.5,11.0,10.0,2.5,10.0,mid,wide
362700,Mark 14,Mark 38,HYDROGEL_PACK,XIRECS,9961.0,3,1,aggr_sell,9961.0,9977.0,8.0,16.0,1,0,4.0,1.5,4.0,0.0,1.5,0.0,-12.0,3.0,-12.0,mid,wide
363100,Mark 38,Mark 14,HYDROGEL_PACK,XIRECS,9983.0,4,1,aggr_buy,9967.0,9983.0,8.0,16.0,1,0,-8.0,5.0,-8.0,-2.0,0.0,-2.0,-15.0,1.0,-15.0,mid,wide
364800,Mark 38,Mark 14,HYDROGEL_PACK,XIRECS,9978.0,5,1,aggr_buy,9962.0,9978.0,8.0,16.0,1,0,1.5,-0.5,1.5,-8.0,-3.0,-8.0,-13.0,-1.0,-13.0,mid,wide
364900,Mark 14,Mark 55,VELVETFRUIT_EXTRACT,XIRECS,5251.0,7,1,aggr_sell,5251.0,5256.0,2.5,5.0,1,0,0.0,0.0,-2.0,-2.0,-2.0,-15.5,-2.0,-2.0,-18.0,mid,mid
365000,Mark 14,Mark 38,VEV_4000,XIRECS,1242.0,2,1,aggr_sell,1242.0,1263.0,10.5,21.0,1,0,1.0,-0.5,-6.0,-2.0,-2.0,-13.0,-1.0,-0.5,-18.0,mid,wide
365600,Mark 14,Mark 55,VELVETFRUIT_EXTRACT,XIRECS,5250.0,8,1,aggr_sell,5250.0,5255.0,2.5,5.0,1,0,-3.5,-3.5,-3.5,-2.5,-2.5,-1.5,-3.0,-3.0,-8.5,mid,mid
367900,Mark 67,Mark 22,VELVETFRUIT_EXTRACT,XIRECS,5248.0,5,1,aggr_buy,5246.0,5248.0,1.0,2.0,1,0,5.0,5.0,8.0,4.5,4.5,-2.0,1.5,1.5,-10.0,mid,tight
368500,Mark 38,Mark 14,HYDROGEL_PACK,XIRECS,9983.0,6,1,aggr_buy,9967.0,9983.0,8.0,16.0,1,0,-6.0,0.0,-6.0,-7.0,0.0,-7.0,-16.0,0.0,-16.0,mid,wide
371400,Mark 14,Mark 38,HYDROGEL_PACK,XIRECS,9953.0,2,1,aggr_sell,9953.0,9969.0,8.0,16.0,1,0,5.0,-2.0,5.0,1.0,4.0,1.0,-18.0,3.0,-18.0,mid,wide
373400,Mark 38,Mark 14,HYDROGEL_PACK,XIRECS,9970.0,3,1,aggr_buy,9954.0,9970.0,8.0,16.0,1,0,1.0,-1.0,1.0,-6.0,-3.0,-6.0,-27.0,-7.0,-27.0,mid,wide
373700,Mark 14,Mark 38,HYDROGEL_PACK,XIRECS,9954.0,5,1,aggr_sell,9954.0,9970.0,8.0,16.0,1,0,-1.0,1.0,-1.0,-1.0,-5.5,-1.0,-22.5,-6.0,-22.5,mid,wide
374100,Mark 14,Mark 55,VELVETFRUIT_EXTRACT,XIRECS,5253.0,6,1,aggr_sell,5253.0,5258.0,2.5,5.0,1,0,-1.5,-1.5,1.0,-8.0,-8.0,0.0,-6.0,-6.0,-20.0,mid,mid
374400,Mark 14,Mark 55,VELVETFRUIT_EXTRACT,XIRECS,5253.0,4,1,aggr_sell,5253.0,5258.0,2.5,5.0,1,0,-4.0,-4.0,-1.5,-8.0,-8.0,6.5,-7.0,-7.0,-16.0,mid,mid
374800,Mark 14,Mark 38,VEV_4000,XIRECS,1242.0,3,1,aggr_sell,1242.0,1263.0,10.5,21.0,1,0,-1.0,-0.5,2.0,-6.0,-7.5,9.0,-3.0,-3.0,-15.0,mid,wide
375100,Mark 14,Mark 38,HYDROGEL_PACK,XIRECS,9947.0,2,1,aggr_sell,9947.0,9963.0,8.0,16.0,1,0,6.0,-1.5,6.0,10.0,-1.0,10.0,-17.0,-2.5,-17.0,mid,wide
376300,Mark 14,Mark 38,VEV_4000,XIRECS,1236.0,2,1,aggr_sell,1236.0,1257.0,10.5,21.0,1,0,0.0,-1.5,3.0,3.0,3.0,-4.0,-2.0,-2.0,-29.0,mid,wide
376600,Mark 01,Mark 22,VEV_5300,XIRECS,46.0,5,1,aggr_sell,46.0,48.0,1.0,2.0,5,1,1.0,3.5,4.0,0.5,2.0,-4.0,-0.5,-1.0,-23.0,mid,tight
376600,Mark 01,Mark 22,VEV_5400,XIRECS,15.0,5,1,aggr_sell,15.0,16.0,0.5,1.0,5,1,1.0,3.5,4.0,0.5,2.0,-4.0,0.0,-1.0,-23.0,mid,tight
376600,Mark 01,Mark 22,VEV_5500,XIRECS,6.0,5,1,aggr_sell,6.0,7.0,0.5,1.0,5,1,0.5,3.5,4.0,0.0,2.0,-4.0,0.0,-1.0,-23.0,mid,tight
376600,Mark 01,Mark 22,VEV_6000,XIRECS,0.0,5,1,aggr_sell,0.0,1.0,0.5,1.0,5,1,0.0,3.5,4.0,0.0,2.0,-4.0,0.0,-1.0,-23.0,mid,tight
376600,Mark 01,Mark 22,VEV_6500,XIRECS,0.0,5,1,aggr_sell,0.0,1.0,0.5,1.0,5,1,0.0,3.5,4.0,0.0,2.0,-4.0,0.0,-1.0,-23.0,mid,tight
377900,Mark 14,Mark 22,VEV_5300,XIRECS,47.0,2,1,aggr_sell,47.0,49.0,1.0,2.0,4,1,0.0,1.0,1.0,1.0,3.0,-8.0,-1.5,-2.0,-20.0,mid,tight
377900,Mark 01,Mark 22,VEV_5500,XIRECS,6.0,2,1,aggr_sell,6.0,7.0,0.5,1.0,4,1,0.5,1.0,1.0,1.0,3.0,-8.0,0.0,-2.0,-20.0,mid,tight
377900,Mark 01,Mark 22,VEV_6000,XIRECS,0.0,2,1,aggr_sell,0.0,1.0,0.5,1.0,4,1,0.0,1.0,1.0,0.0,3.0,-8.0,0.0,-2.0,-20.0,mid,tight
377900,Mark 01,Mark 22,VEV_6500,XIRECS,0.0,2,1,aggr_sell,0.0,1.0,0.5,1.0,4,1,0.0,1.0,1.0,0.0,3.0,-8.0,0.0,-2.0,-20.0,mid,tight
380100,Mark 38,Mark 14,HYDROGEL_PACK,XIRECS,9957.0,6,1,aggr_buy,9941.0,9957.0,8.0,16.0,1,0,-12.0,0.5,-12.0,-14.0,-1.0,-14.0,-3.5,-8.5,-3.5,mid,wide
380700,Mark 38,Mark 14,HYDROGEL_PACK,XIRECS,9948.0,4,1,aggr_buy,9932.0,9948.0,8.0,16.0,1,0,2.0,-0.5,2.0,-8.5,-3.5,-8.5,5.5,-10.0,5.5,mid,wide
380900,Mark 01,Mark 55,VELVETFRUIT_EXTRACT,XIRECS,5250.0,8,1,aggr_sell,5250.0,5256.0,3.0,6.0,1,0,1.5,1.5,2.0,-2.5,-2.5,-7.0,-7.5,-7.5,10.0,mid,mid
381700,Mark 55,Mark 14,VELVETFRUIT_EXTRACT,XIRECS,5255.0,8,1,aggr_buy,5250.0,5255.0,2.5,5.0,1,0,0.0,0.0,-2.0,-4.0,-4.0,1.5,-10.0,-10.0,18.0,mid,mid
383300,Mark 38,Mark 14,HYDROGEL_PACK,XIRECS,9945.0,5,1,aggr_buy,9929.0,9945.0,8.0,16.0,1,0,2.0,0.0,2.0,3.0,-1.0,3.0,18.0,-3.0,18.0,mid,wide
383600,Mark 38,Mark 14,HYDROGEL_PACK,XIRECS,9948.0,4,1,aggr_buy,9932.0,9948.0,8.0,16.0,1,0,1.0,1.0,1.0,-8.0,1.0,-8.0,13.0,-3.5,13.0,mid,wide
383700,Mark 14,Mark 55,VELVETFRUIT_EXTRACT,XIRECS,5246.0,7,1,aggr_sell,5246.0,5251.0,2.5,5.0,1,0,1.0,1.0,0.5,1.0,1.0,-6.5,-5.0,-5.0,11.5,mid,mid
384200,Mark 14,Mark 38,VEV_4000,XIRECS,1239.0,1,1,aggr_sell,1239.0,1260.0,10.5,21.0,1,0,-2.0,-1.5,2.0,-5.0,-3.5,-3.0,-4.0,-9.0,8.0,mid,wide
384500,Mark 14,Mark 38,VEV_4000,XIRECS,1238.0,3,1,aggr_sell,1238.0,1259.0,10.5,21.0,1,0,0.0,0.0,-2.0,-3.0,-3.0,-7.0,-8.5,-8.5,5.0,mid,wide
385800,Mark 38,Mark 14,HYDROGEL_PACK,XIRECS,9943.0,6,1,aggr_buy,9927.0,9943.0,8.0,16.0,1,0,-1.0,-4.0,-1.0,6.0,-2.0,6.0,9.0,-6.0,9.0,mid,wide
385900,Mark 14,Mark 55,VELVETFRUIT_EXTRACT,XIRECS,5245.0,3,1,aggr_sell,5245.0,5250.0,2.5,5.0,1,0,-2.5,-2.5,5.0,-1.0,-1.0,7.0,-4.0,-4.0,11.0,mid,mid
386000,Mark 14,Mark 55,VELVETFRUIT_EXTRACT,XIRECS,5244.0,8,1,aggr_sell,5244.0,5249.0,2.5,5.0,1,0,-1.0,-1.0,2.5,0.0,0.0,5.5,-3.0,-3.0,10.5,mid,mid
386800,Mark 38,Mark 14,VEV_4000,XIRECS,1257.0,2,1,aggr_buy,1236.0,1257.0,10.5,21.0,1,0,0.0,0.0,0.5,-1.0,-1.0,7.5,-5.0,-5.0,7.5,mid,wide
390100,Mark 67,Mark 49,VELVETFRUIT_EXTRACT,XIRECS,5244.0,10,1,aggr_buy,5242.0,5244.0,1.0,2.0,1,0,1.5,1.5,-0.5,1.5,1.5,10.5,-0.5,-0.5,-9.5,mid,tight
390800,Mark 14,Mark 38,VEV_4000,XIRECS,1233.0,3,1,aggr_sell,1233.0,1254.0,10.5,21.0,1,0,1.0,1.0,11.0,0.0,0.0,4.0,2.0,2.0,-9.0,mid,wide
392300,Mark 14,Mark 55,VELVETFRUIT_EXTRACT,XIRECS,5242.0,5,1,aggr_sell,5242.0,5247.0,2.5,5.0,1,0,-1.0,-1.0,-6.0,-5.0,-5.0,-9.0,-4.0,-4.0,-22.0,mid,mid
393000,Mark 01,Mark 55,VELVETFRUIT_EXTRACT,XIRECS,5242.0,4,1,aggr_sell,5242.0,5247.0,2.5,5.0,1,0,-0.5,-0.5,7.0,-3.5,-3.5,-1.0,-1.0,-1.0,-21.0,mid,mid
393900,Mark 01,Mark 55,VELVETFRUIT_EXTRACT,XIRECS,5241.0,6,1,aggr_sell,5241.0,5243.0,1.0,2.0,1,0,-3.0,-3.0,1.0,1.5,1.5,-5.0,1.5,1.5,-15.0,mid,tight
394700,Mark 14,Mark 55,VELVETFRUIT_EXTRACT,XIRECS,5237.0,8,1,aggr_sell,5237.0,5242.0,2.5,5.0,1,0,0.0,0.0,-1.0,3.0,3.0,3.0,4.0,4.0,-21.0,mid,mid
394800,Mark 14,Mark 38,HYDROGEL_PACK,XIRECS,9941.0,5,1,aggr_sell,9941.0,9957.0,8.0,16.0,1,0,-2.0,-1.5,-2.0,-2.0,1.0,-2.0,-20.0,4.0,-20.0,mid,wide
396000,Mark 55,Mark 01,VELVETFRUIT_EXTRACT,XIRECS,5246.0,8,1,aggr_buy,5241.0,5246.0,2.5,5.0,1,0,-2.0,-2.0,6.0,-3.0,-3.0,-4.0,-2.5,-2.5,-10.0,mid,mid
396200,Mark 01,Mark 55,VELVETFRUIT_EXTRACT,XIRECS,5240.0,7,1,aggr_sell,5240.0,5245.0,2.5,5.0,1,0,0.0,0.0,5.0,-4.0,-4.0,-11.0,0.0,0.0,-9.5,mid,mid
396300,Mark 38,Mark 14,HYDROGEL_PACK,XIRECS,9956.0,4,1,aggr_buy,9941.0,9956.0,7.5,15.0,1,0,-1.5,-1.0,-1.5,-12.5,-4.0,-12.5,-10.5,1.5,-10.5,mid,wide
397800,Mark 38,Mark 14,HYDROGEL_PACK,XIRECS,9950.0,4,1,aggr_buy,9934.0,9950.0,8.0,16.0,1,0,-6.0,-1.0,-6.0,1.0,2.0,1.0,-8.0,1.0,-8.0,mid,wide
398400,Mark 14,Mark 55,VELVETFRUIT_EXTRACT,XIRECS,5235.0,6,1,aggr_sell,5235.0,5240.0,2.5,5.0,1,0,1.0,1.0,6.5,6.0,6.0,2.5,1.0,1.0,2.5,mid,mid
399700,Mark 01,Mark 22,VEV_5400,XIRECS,14.0,5,1,aggr_sell,14.0,15.0,0.5,1.0,4,1,0.0,1.0,-10.0,1.0,5.0,-13.0,-1.0,-7.0,-2.5,mid,tight
399700,Mark 01,Mark 22,VEV_5500,XIRECS,6.0,5,1,aggr_sell,6.0,7.0,0.5,1.0,4,1,0.0,1.0,-10.0,0.0,5.0,-13.0,-1.0,-7.0,-2.5,mid,tight
399700,Mark 01,Mark 22,VEV_6000,XIRECS,0.0,5,1,aggr_sell,0.0,1.0,0.5,1.0,4,1,0.0,1.0,-10.0,0.0,5.0,-13.0,0.0,-7.0,-2.5,mid,tight
399700,Mark 01,Mark 22,VEV_6500,XIRECS,0.0,5,1,aggr_sell,0.0,1.0,0.5,1.0,4,1,0.0,1.0,-10.0,0.0,5.0,-13.0,0.0,-7.0,-2.5,mid,tight
399900,Mark 14,Mark 38,VEV_4000,XIRECS,1231.0,1,1,aggr_sell,1231.0,1252.0,10.5,21.0,1,0,2.0,2.0,-2.0,3.0,3.0,-7.0,-7.0,-7.0,7.0,mid,wide
400100,Mark 14,Mark 55,VELVETFRUIT_EXTRACT,XIRECS,5240.0,8,1,aggr_sell,5240.0,5245.0,2.5,5.0,1,0,1.0,1.0,2.0,1.0,1.0,0.0,-6.0,-6.0,13.0,mid,mid
401900,Mark 01,Mark 55,VELVETFRUIT_EXTRACT,XIRECS,5242.0,8,1,aggr_sell,5242.0,5247.0,2.5,5.0,1,0,-2.0,-2.0,-1.0,-1.0,-1.0,-2.0,-11.0,-11.0,8.0,mid,mid
402400,Mark 14,Mark 55,VELVETFRUIT_EXTRACT,XIRECS,5240.0,6,1,aggr_sell,5240.0,5245.0,2.5,5.0,1,0,1.5,1.5,-3.0,1.5,1.5,-9.0,-7.0,-7.0,11.0,mid,mid
403500,Mark 01,Mark 55,VELVETFRUIT_EXTRACT,XIRECS,5239.0,8,1,aggr_sell,5239.0,5244.0,2.5,5.0,1,0,1.5,1.5,0.0,1.5,1.5,-5.0,-6.5,-6.5,13.0,mid,mid
403600,Mark 14,Mark 38,HYDROGEL_PACK,XIRECS,9922.0,6,1,aggr_sell,9922.0,9938.0,8.0,16.0,1,0,-2.0,2.0,-2.0,0.0,1.0,0.0,20.0,-8.0,20.0,mid,wide
404200,Mark 55,Mark 14,VELVETFRUIT_EXTRACT,XIRECS,5247.0,4,1,aggr_buy,5242.0,5247.0,2.5,5.0,1,0,-1.0,-1.0,0.0,-2.0,-2.0,9.5,-8.5,-8.5,21.5,mid,mid
406400,Mark 55,Mark 14,VELVETFRUIT_EXTRACT,XIRECS,5246.0,5,1,aggr_buy,5241.0,5246.0,2.5,5.0,1,0,-0.5,-0.5,2.0,-5.0,-5.0,1.0,-10.0,-10.0,16.0,mid,mid
409300,Mark 14,Mark 38,HYDROGEL_PACK,XIRECS,9929.0,6,1,aggr_sell,9929.0,9945.0,8.0,16.0,1,0,6.0,-5.5,6.0,5.0,-4.0,5.0,10.0,-3.5,10.0,mid,wide
410400,Mark 01,Mark 22,VEV_5400,XIRECS,13.0,3,1,aggr_sell,13.0,14.0,0.5,1.0,4,1,0.0,0.0,-2.0,0.0,0.0,-3.0,-1.0,-8.5,2.0,mid,tight
410400,Mark 01,Mark 22,VEV_5500,XIRECS,5.0,3,1,aggr_sell,5.0,6.0,0.5,1.0,4,1,0.0,0.0,-2.0,0.0,0.0,-3.0,-0.5,-8.5,2.0,mid,tight
410400,Mark 01,Mark 22,VEV_6000,XIRECS,0.0,3,1,aggr_sell,0.0,1.0,0.5,1.0,4,1,0.0,0.0,-2.0,0.0,0.0,-3.0,0.0,-8.5,2.0,mid,tight
410400,Mark 01,Mark 22,VEV_6500,XIRECS,0.0,3,1,aggr_sell,0.0,1.0,0.5,1.0,4,1,0.0,0.0,-2.0,0.0,0.0,-3.0,0.0,-8.5,2.0,mid,tight
410600,Mark 55,Mark 14,VELVETFRUIT_EXTRACT,XIRECS,5239.0,6,1,aggr_buy,5234.0,5239.0,2.5,5.0,1,0,-1.5,-1.5,-2.0,-1.0,-1.0,3.0,-11.0,-11.0,3.0,mid,mid
411000,Mark 38,Mark 14,HYDROGEL_PACK,XIRECS,9951.0,4,1,aggr_buy,9935.0,9951.0,8.0,16.0,1,0,2.0,-1.0,2.0,8.0,3.0,8.0,5.0,-6.0,5.0,mid,wide
411200,Mark 55,Mark 01,VELVETFRUIT_EXTRACT,XIRECS,5236.0,7,1,aggr_buy,5231.0,5236.0,2.5,5.0,1,0,0.0,0.0,1.5,0.5,0.5,9.0,-6.0,-6.0,10.0,mid,mid
411300,Mark 55,Mark 01,VELVETFRUIT_EXTRACT,XIRECS,5236.0,7,1,aggr_buy,5231.0,5236.0,2.5,5.0,1,0,-1.0,-1.0,-1.0,0.0,0.0,7.0,-4.5,-4.5,11.5,mid,mid
411400,Mark 38,Mark 14,HYDROGEL_PACK,XIRECS,9952.0,3,1,aggr_buy,9936.0,9952.0,8.0,16.0,1,0,-2.0,1.0,-2.0,3.0,1.0,3.0,11.0,-4.0,11.0,mid,wide
412300,Mark 38,Mark 14,HYDROGEL_PACK,XIRECS,9953.0,2,1,aggr_buy,9937.0,9953.0,8.0,16.0,1,0,5.0,2.0,5.0,5.0,1.0,5.0,9.0,-3.5,9.0,mid,wide
414000,Mark 38,Mark 14,HYDROGEL_PACK,XIRECS,9962.0,2,1,aggr_buy,9946.0,9962.0,8.0,16.0,1,0,1.0,2.0,1.0,0.0,-2.0,0.0,1.0,-3.0,1.0,mid,wide
414400,Mark 14,Mark 38,HYDROGEL_PACK,XIRECS,9945.0,3,1,aggr_sell,9945.0,9961.0,8.0,16.0,1,0,-4.0,1.0,-4.0,1.0,-2.0,1.0,-3.5,-3.5,-3.5,mid,wide
414800,Mark 14,Mark 38,HYDROGEL_PACK,XIRECS,9940.0,3,1,aggr_sell,9940.0,9956.0,8.0,16.0,1,0,8.5,-3.0,8.5,13.0,-5.0,13.0,7.5,-5.0,7.5,mid,wide
415700,Mark 55,Mark 14,VELVETFRUIT_EXTRACT,XIRECS,5234.0,3,1,aggr_buy,5229.0,5234.0,2.5,5.0,1,0,2.0,2.0,-2.0,0.0,0.0,1.0,4.0,4.0,6.0,mid,mid
419700,Mark 38,Mark 14,VEV_4000,XIRECS,1241.0,1,1,aggr_buy,1220.0,1241.0,10.5,21.0,1,0,-3.0,-3.0,0.5,-2.0,-2.0,7.0,0.0,0.0,-6.0,mid,wide
419900,Mark 55,Mark 01,VELVETFRUIT_EXTRACT,XIRECS,5231.0,6,1,aggr_buy,5226.0,5231.0,2.5,5.0,1,0,-1.5,-1.5,1.5,0.5,0.5,7.5,2.0,2.0,-7.5,mid,mid
421500,Mark 14,Mark 38,HYDROGEL_PACK,XIRECS,9946.0,3,1,aggr_sell,9946.0,9962.0,8.0,16.0,1,0,-3.0,1.5,-3.0,2.0,2.0,2.0,-17.0,1.5,-17.0,mid,wide
424500,Mark 55,Mark 14,VELVETFRUIT_EXTRACT,XIRECS,5235.0,7,1,aggr_buy,5230.0,5235.0,2.5,5.0,1,0,2.0,2.0,4.0,2.0,2.0,2.0,-2.0,-2.0,-29.0,mid,mid
425400,Mark 38,Mark 14,VEV_4000,XIRECS,1246.0,1,1,aggr_buy,1226.0,1246.0,10.0,20.0,1,0,-2.0,-4.0,-3.0,-1.0,-1.0,-8.0,-2.0,-5.5,-38.0,mid,wide
426800,Mark 14,Mark 55,VELVETFRUIT_EXTRACT,XIRECS,5232.0,8,1,aggr_sell,5232.0,5237.0,2.5,5.0,1,0,0.0,0.0,0.0,-3.5,-3.5,-13.0,0.5,0.5,-30.0,mid,mid
427000,Mark 14,Mark 38,HYDROGEL_PACK,XIRECS,9950.0,2,1,aggr_sell,9950.0,9966.0,8.0,16.0,1,0,-5.0,-0.5,-5.0,-16.0,-2.0,-16.0,-34.0,-2.0,-34.0,mid,wide
427600,Mark 55,Mark 14,VELVETFRUIT_EXTRACT,XIRECS,5237.0,8,1,aggr_buy,5232.0,5237.0,2.5,5.0,1,0,-3.0,-3.0,-7.0,-4.0,-4.0,-8.0,-3.0,-3.0,-31.0,mid,mid
428000,Mark 01,Mark 22,VEV_5400,XIRECS,13.0,2,1,aggr_sell,13.0,14.0,0.5,1.0,4,1,0.0,-3.0,-6.0,0.0,-2.0,-10.0,0.0,0.5,-25.0,mid,tight
428000,Mark 01,Mark 22,VEV_5500,XIRECS,5.0,2,1,aggr_sell,5.0,6.0,0.5,1.0,4,1,-0.5,-3.0,-6.0,0.0,-2.0,-10.0,0.0,0.5,-25.0,mid,tight
428000,Mark 01,Mark 22,VEV_6000,XIRECS,0.0,2,1,aggr_sell,0.0,1.0,0.5,1.0,4,1,0.0,-3.0,-6.0,0.0,-2.0,-10.0,0.0,0.5,-25.0,mid,tight
428000,Mark 01,Mark 22,VEV_6500,XIRECS,0.0,2,1,aggr_sell,0.0,1.0,0.5,1.0,4,1,0.0,-3.0,-6.0,0.0,-2.0,-10.0,0.0,0.5,-25.0,mid,tight
430200,Mark 55,Mark 14,VELVETFRUIT_EXTRACT,XIRECS,5230.0,3,1,aggr_buy,5225.0,5230.0,2.5,5.0,1,0,0.0,0.0,0.0,2.0,2.0,-16.0,7.0,7.0,-29.5,mid,mid
431000,Mark 55,Mark 01,VELVETFRUIT_EXTRACT,XIRECS,5233.0,5,1,aggr_buy,5228.0,5233.0,2.5,5.0,1,0,-1.5,-1.5,-2.0,1.0,1.0,-12.0,5.0,5.0,-24.5,mid,mid
431700,Mark 55,Mark 14,VELVETFRUIT_EXTRACT,XIRECS,5233.0,4,1,aggr_buy,5228.0,5233.0,2.5,5.0,1,0,-1.0,-1.0,-7.0,1.0,1.0,-5.0,2.0,2.0,-20.0,mid,mid
432100,Mark 55,Mark 14,VELVETFRUIT_EXTRACT,XIRECS,5234.0,3,1,aggr_buy,5229.0,5234.0,2.5,5.0,1,0,-2.5,-2.5,-2.0,-1.5,-1.5,-10.0,2.0,2.0,-12.0,mid,mid
435300,Mark 01,Mark 55,VELVETFRUIT_EXTRACT,XIRECS,5225.0,8,1,aggr_sell,5225.0,5230.0,2.5,5.0,1,0,4.0,4.0,-5.0,5.5,5.5,-2.0,17.0,17.0,-13.0,mid,mid
436200,Mark 38,Mark 14,HYDROGEL_PACK,XIRECS,9935.0,5,1,aggr_buy,9919.0,9935.0,8.0,16.0,1,0,-1.0,2.5,-1.0,-0.5,2.5,-0.5,-5.0,15.0,-5.0,mid,wide
437100,Mark 38,Mark 22,VEV_4000,XIRECS,1233.0,1,1,aggr_buy,1223.0,1233.0,5.0,10.0,10,1,4.0,-2.0,-3.5,10.5,5.0,-2.5,24.5,19.0,8.5,mid,mid
437100,Mark 38,Mark 22,VEV_4500,XIRECS,733.0,1,1,aggr_buy,726.0,733.0,3.5,7.0,10,1,2.5,-2.0,-3.5,9.0,5.0,-2.5,22.5,19.0,8.5,mid,mid
437100,Mark 38,Mark 22,VEV_5000,XIRECS,238.0,1,1,aggr_buy,236.0,238.0,1.0,2.0,10,1,0.5,-2.0,-3.5,7.0,5.0,-2.5,20.0,19.0,8.5,mid,tight
437100,Mark 38,Mark 22,VEV_5100,XIRECS,152.0,1,1,aggr_buy,150.0,152.0,1.0,2.0,10,1,0.0,-2.0,-3.5,5.5,5.0,-2.5,17.0,19.0,8.5,mid,tight
437100,Mark 38,Mark 22,VEV_5200,XIRECS,87.0,1,1,aggr_buy,86.0,87.0,0.5,1.0,10,1,0.0,-2.0,-3.5,3.5,5.0,-2.5,12.0,19.0,8.5,mid,tight
437100,Mark 38,Mark 22,VEV_5300,XIRECS,41.0,1,1,aggr_buy,40.0,41.0,0.5,1.0,10,1,0.5,-2.0,-3.5,2.5,5.0,-2.5,8.0,19.0,8.5,mid,tight
437100,Mark 01,Mark 22,VEV_5400,XIRECS,13.0,4,1,aggr_sell,13.0,14.0,0.5,1.0,10,1,0.0,-2.0,-3.5,1.0,5.0,-2.5,3.0,19.0,8.5,mid,tight
437100,Mark 01,Mark 22,VEV_5500,XIRECS,5.0,4,1,aggr_sell,5.0,6.0,0.5,1.0,10,1,0.0,-2.0,-3.5,0.0,5.0,-2.5,1.0,19.0,8.5,mid,tight
437100,Mark 01,Mark 22,VEV_6000,XIRECS,0.0,4,1,aggr_sell,0.0,1.0,0.5,1.0,10,1,0.0,-2.0,-3.5,0.0,5.0,-2.5,0.0,19.0,8.5,mid,tight
437100,Mark 01,Mark 22,VEV_6500,XIRECS,0.0,4,1,aggr_sell,0.0,1.0,0.5,1.0,10,1,0.0,-2.0,-3.5,0.0,5.0,-2.5,0.0,19.0,8.5,mid,tight
438000,Mark 01,Mark 55,VELVETFRUIT_EXTRACT,XIRECS,5230.0,7,1,aggr_sell,5230.0,5236.0,3.0,6.0,1,0,3.5,3.5,2.5,2.5,2.5,-4.0,18.5,18.5,12.0,mid,mid
440300,Mark 38,Mark 14,HYDROGEL_PACK,XIRECS,9922.0,2,1,aggr_buy,9906.0,9922.0,8.0,16.0,1,0,2.0,0.0,2.0,5.0,-0.5,5.0,26.0,15.0,26.0,mid,wide
441300,Mark 14,Mark 38,HYDROGEL_PACK,XIRECS,9902.0,2,1,aggr_sell,9902.0,9918.0,8.0,16.0,1,0,3.0,0.0,3.0,7.0,2.5,7.0,33.0,15.0,33.0,mid,wide
443600,Mark 14,Mark 38,HYDROGEL_PACK,XIRECS,9908.0,2,1,aggr_sell,9908.0,9924.0,8.0,16.0,1,0,3.0,2.0,3.0,0.0,6.5,0.0,21.0,11.0,21.0,mid,wide
444000,Mark 14,Mark 38,VEV_4000,XIRECS,1230.0,3,1,aggr_sell,1230.0,1251.0,10.5,21.0,1,0,1.0,1.0,4.0,7.0,7.0,4.0,10.0,11.0,18.0,mid,wide
444300,Mark 01,Mark 55,VELVETFRUIT_EXTRACT,XIRECS,5238.0,7,1,aggr_sell,5238.0,5243.0,2.5,5.0,1,0,1.0,1.0,-1.0,8.0,8.0,6.0,9.0,9.0,16.0,mid,mid
445900,Mark 55,Mark 14,VELVETFRUIT_EXTRACT,XIRECS,5249.0,4,1,aggr_buy,5244.0,5249.0,2.5,5.0,1,0,2.0,2.0,7.0,7.0,7.0,18.0,0.0,0.0,16.0,mid,mid
448100,Mark 55,Mark 01,VELVETFRUIT_EXTRACT,XIRECS,5254.0,3,1,aggr_buy,5249.0,5254.0,2.5,5.0,1,0,-1.5,-1.5,4.5,-5.0,-5.0,6.0,-7.5,-7.5,-14.5,mid,mid
448700,Mark 14,Mark 38,VEV_4000,XIRECS,1238.0,3,1,aggr_sell,1238.0,1259.0,10.5,21.0,1,0,-3.0,-3.0,-1.0,0.0,0.0,2.0,-3.0,-3.0,-21.0,mid,wide
450000,Mark 14,Mark 38,HYDROGEL_PACK,XIRECS,9932.0,5,1,aggr_sell,9932.0,9948.0,8.0,16.0,1,0,2.0,4.0,2.0,-4.0,1.5,-4.0,-16.0,5.0,-16.0,mid,wide
453500,Mark 01,Mark 55,VELVETFRUIT_EXTRACT,XIRECS,5245.0,8,1,aggr_sell,5245.0,5251.0,3.0,6.0,1,0,3.5,3.5,3.0,-2.0,-2.0,1.0,3.5,3.5,-16.0,mid,mid
453600,Mark 55,Mark 01,VELVETFRUIT_EXTRACT,XIRECS,5252.0,4,1,aggr_buy,5247.0,5252.0,2.5,5.0,1,0,0.0,0.0,-2.0,-2.5,-2.5,-3.0,3.0,3.0,-24.0,mid,mid
454800,Mark 01,Mark 55,VELVETFRUIT_EXTRACT,XIRECS,5245.0,3,1,aggr_sell,5245.0,5251.0,3.0,6.0,1,0,-1.5,-1.5,-1.0,-5.5,-5.5,-8.0,5.0,5.0,-24.0,mid,mid
455200,Mark 01,Mark 55,VELVETFRUIT_EXTRACT,XIRECS,5244.0,6,1,aggr_sell,5244.0,5250.0,3.0,6.0,1,0,0.5,0.5,2.0,-4.5,-4.5,-8.0,3.5,3.5,-16.0,mid,mid
455400,Mark 38,Mark 14,VEV_4000,XIRECS,1257.0,1,1,aggr_buy,1236.0,1257.0,10.5,21.0,1,0,0.0,0.0,-1.0,-4.0,-4.0,-11.0,7.0,7.0,-19.0,mid,wide
455700,Mark 01,Mark 22,VEV_5400,XIRECS,15.0,4,1,aggr_sell,15.0,16.0,0.5,1.0,4,1,0.0,-0.5,-3.0,-1.0,-5.0,-14.0,1.5,7.0,-20.0,mid,tight
455700,Mark 01,Mark 22,VEV_5500,XIRECS,6.0,4,1,aggr_sell,6.0,7.0,0.5,1.0,4,1,0.0,-0.5,-3.0,-0.5,-5.0,-14.0,0.5,7.0,-20.0,mid,tight
455700,Mark 01,Mark 22,VEV_6000,XIRECS,0.0,4,1,aggr_sell,0.0,1.0,0.5,1.0,4,1,0.0,-0.5,-3.0,0.0,-5.0,-14.0,0.0,7.0,-20.0,mid,tight
455700,Mark 01,Mark 22,VEV_6500,XIRECS,0.0,4,1,aggr_sell,0.0,1.0,0.5,1.0,4,1,0.0,-0.5,-3.0,0.0,-5.0,-14.0,0.0,7.0,-20.0,mid,tight
457700,Mark 14,Mark 38,HYDROGEL_PACK,XIRECS,9914.0,4,1,aggr_sell,9914.0,9930.0,8.0,16.0,1,0,0.0,1.5,0.0,7.5,5.0,7.5,12.0,8.0,12.0,mid,wide
458400,Mark 55,Mark 14,VELVETFRUIT_EXTRACT,XIRECS,5248.0,3,1,aggr_buy,5243.0,5248.0,2.5,5.0,1,0,0.5,0.5,3.5,5.0,5.0,5.5,4.0,4.0,17.0,mid,mid
459900,Mark 55,Mark 01,VELVETFRUIT_EXTRACT,XIRECS,5252.0,8,1,aggr_buy,5247.0,5252.0,2.5,5.0,2,1,1.0,1.0,1.5,6.0,6.0,10.5,2.0,2.0,14.5,mid,mid
459900,Mark 14,Mark 38,VEV_4000,XIRECS,1239.0,2,1,aggr_sell,1239.0,1260.0,10.5,21.0,2,1,-4.5,1.0,1.5,6.0,6.0,10.5,2.0,2.0,14.5,mid,wide
460400,Mark 01,Mark 22,VEV_5300,XIRECS,47.0,3,1,aggr_sell,47.0,49.0,1.0,2.0,5,1,1.0,2.0,0.0,2.0,6.0,3.0,1.5,4.0,6.0,mid,tight
460400,Mark 14,Mark 22,VEV_5400,XIRECS,16.0,3,1,aggr_sell,16.0,17.0,0.5,1.0,5,1,0.0,2.0,0.0,1.0,6.0,3.0,0.5,4.0,6.0,mid,tight
460400,Mark 01,Mark 22,VEV_5500,XIRECS,6.0,3,1,aggr_sell,6.0,7.0,0.5,1.0,5,1,0.0,2.0,0.0,1.0,6.0,3.0,0.5,4.0,6.0,mid,tight
460400,Mark 01,Mark 22,VEV_6000,XIRECS,0.0,3,1,aggr_sell,0.0,1.0,0.5,1.0,5,1,0.0,2.0,0.0,0.0,6.0,3.0,0.0,4.0,6.0,mid,tight
460400,Mark 01,Mark 22,VEV_6500,XIRECS,0.0,3,1,aggr_sell,0.0,1.0,0.5,1.0,5,1,0.0,2.0,0.0,0.0,6.0,3.0,0.0,4.0,6.0,mid,tight
460700,Mark 55,Mark 14,VELVETFRUIT_EXTRACT,XIRECS,5254.0,6,1,aggr_buy,5249.0,5254.0,2.5,5.0,1,0,0.5,0.5,0.5,4.0,4.0,0.0,2.5,2.5,5.0,mid,mid
462300,Mark 55,Mark 01,VELVETFRUIT_EXTRACT,XIRECS,5259.0,8,1,aggr_buy,5253.0,5259.0,3.0,6.0,1,0,0.5,0.5,-6.0,-3.0,-3.0,-18.0,-4.5,-4.5,7.0,mid,mid
462500,Mark 38,Mark 14,HYDROGEL_PACK,XIRECS,9932.0,2,1,aggr_buy,9916.0,9932.0,8.0,16.0,1,0,-2.0,-3.0,-2.0,-13.0,-2.0,-13.0,14.0,-4.0,14.0,mid,wide
464200,Mark 14,Mark 38,VEV_4000,XIRECS,1241.0,1,1,aggr_sell,1241.0,1262.0,10.5,21.0,1,0,2.0,2.5,0.0,3.0,3.0,14.0,4.0,4.0,34.0,mid,wide
465300,Mark 55,Mark 14,VELVETFRUIT_EXTRACT,XIRECS,5255.0,8,1,aggr_buy,5250.0,5255.0,2.5,5.0,1,0,2.0,2.0,-2.5,-2.0,-2.0,12.5,1.0,1.0,35.0,mid,mid
468000,Mark 01,Mark 55,VELVETFRUIT_EXTRACT,XIRECS,5247.0,3,1,aggr_sell,5247.0,5252.0,2.5,5.0,1,0,1.0,1.0,2.0,4.5,4.5,3.5,6.0,6.0,20.0,mid,mid
469300,Mark 01,Mark 55,VELVETFRUIT_EXTRACT,XIRECS,5252.0,6,1,aggr_sell,5252.0,5257.0,2.5,5.0,1,0,-2.0,-2.0,2.0,-7.0,-7.0,-4.0,-5.0,-5.0,31.0,mid,mid
469600,Mark 14,Mark 55,VELVETFRUIT_EXTRACT,XIRECS,5252.0,7,1,aggr_sell,5252.0,5257.0,2.5,5.0,1,0,0.0,0.0,-4.0,-4.0,-4.0,-8.0,-5.0,-5.0,22.0,mid,mid
470400,Mark 55,Mark 14,VELVETFRUIT_EXTRACT,XIRECS,5257.0,4,1,aggr_buy,5252.0,5257.0,2.5,5.0,1,0,-4.0,-4.0,-1.0,-2.0,-2.0,7.0,-5.0,-5.0,32.0,mid,mid
472600,Mark 14,Mark 55,VELVETFRUIT_EXTRACT,XIRECS,5249.0,3,1,aggr_sell,5249.0,5254.0,2.5,5.0,1,0,0.0,0.0,5.0,2.0,2.0,6.0,-7.0,-7.0,21.0,mid,mid
475400,Mark 55,Mark 49,VELVETFRUIT_EXTRACT,XIRECS,5254.0,7,1,aggr_buy,5252.0,5254.0,1.0,2.0,1,0,3.5,3.5,-1.0,5.5,5.5,-7.0,-9.5,-9.5,8.0,mid,tight
475500,Mark 14,Mark 38,VEV_4000,XIRECS,1244.0,1,1,aggr_sell,1244.0,1265.0,10.5,21.0,1,0,2.0,2.5,0.0,4.0,4.0,-5.0,-12.5,-12.5,10.0,mid,wide
476200,Mark 38,Mark 14,HYDROGEL_PACK,XIRECS,9959.0,3,1,aggr_buy,9943.0,9959.0,8.0,16.0,1,0,0.5,-1.0,0.5,7.0,-3.0,7.0,10.0,-13.5,10.0,mid,wide
476500,Mark 01,Mark 22,VEV_5400,XIRECS,17.0,2,1,aggr_sell,17.0,18.0,0.5,1.0,4,1,0.0,-0.5,-5.5,-0.5,-3.0,10.0,-3.0,-15.0,10.5,mid,tight
476500,Mark 01,Mark 22,VEV_5500,XIRECS,7.0,2,1,aggr_sell,7.0,8.0,0.5,1.0,4,1,-0.5,-0.5,-5.5,-1.0,-3.0,10.0,-2.0,-15.0,10.5,mid,tight
476500,Mark 01,Mark 22,VEV_6000,XIRECS,0.0,2,1,aggr_sell,0.0,1.0,0.5,1.0,4,1,0.0,-0.5,-5.5,0.0,-3.0,10.0,0.0,-15.0,10.5,mid,tight
476500,Mark 01,Mark 22,VEV_6500,XIRECS,0.0,2,1,aggr_sell,0.0,1.0,0.5,1.0,4,1,0.0,-0.5,-5.5,0.0,-3.0,10.0,0.0,-15.0,10.5,mid,tight
477600,Mark 14,Mark 38,HYDROGEL_PACK,XIRECS,9941.0,5,1,aggr_sell,9941.0,9957.0,8.0,16.0,1,0,5.0,-4.0,5.0,12.0,-9.0,12.0,14.0,-19.5,14.0,mid,wide
477900,Mark 55,Mark 01,VELVETFRUIT_EXTRACT,XIRECS,5258.0,5,1,aggr_buy,5252.0,5258.0,3.0,6.0,1,0,-2.5,-2.5,12.0,-4.5,-4.5,8.0,-15.5,-15.5,8.0,mid,mid
478900,Mark 14,Mark 55,VELVETFRUIT_EXTRACT,XIRECS,5250.0,4,1,aggr_sell,5250.0,5255.0,2.5,5.0,1,0,-3.0,-3.0,-3.0,-3.0,-3.0,-5.0,-11.0,-11.0,-7.0,mid,mid
479100,Mark 38,Mark 14,HYDROGEL_PACK,XIRECS,9973.0,5,1,aggr_buy,9964.0,9973.0,4.5,9.0,1,0,-7.5,-1.0,-7.5,-5.5,-2.0,-5.5,-9.5,-9.0,-9.5,mid,mid
480100,Mark 67,Mark 49,VELVETFRUIT_EXTRACT,XIRECS,5250.0,10,1,aggr_buy,5248.0,5250.0,1.0,2.0,1,0,-0.5,-0.5,5.0,-5.5,-5.5,3.0,-6.5,-6.5,5.0,mid,tight
480700,Mark 38,Mark 14,VEV_4000,XIRECS,1259.0,2,1,aggr_buy,1238.0,1259.0,10.5,21.0,1,0,-1.0,-1.5,-0.5,-3.0,-3.5,-4.0,-7.0,-7.5,-5.0,mid,wide
480900,Mark 14,Mark 38,VEV_4000,XIRECS,1239.0,2,1,aggr_sell,1239.0,1260.0,10.5,21.0,1,0,-4.0,-4.0,-1.0,-7.0,-7.0,-3.0,-6.0,-6.0,-4.0,mid,wide
481300,Mark 38,Mark 14,VEV_4000,XIRECS,1257.0,3,1,aggr_buy,1236.0,1257.0,10.5,21.0,1,0,-3.0,-3.5,3.0,-6.0,-6.0,-6.0,-2.0,-2.0,1.0,mid,wide
483100,Mark 55,Mark 14,VELVETFRUIT_EXTRACT,XIRECS,5245.0,8,1,aggr_buy,5240.0,5245.0,2.5,5.0,1,0,-4.0,-4.0,-7.5,-0.5,-0.5,0.0,-1.0,-1.0,5.0,mid,mid
483200,Mark 38,Mark 14,VEV_4000,XIRECS,1252.0,3,1,aggr_buy,1231.0,1252.0,10.5,21.0,1,0,-2.0,-2.0,-4.0,0.0,0.0,3.0,0.0,0.0,3.0,mid,wide
483800,Mark 01,Mark 55,VELVETFRUIT_EXTRACT,XIRECS,5238.0,7,1,aggr_sell,5238.0,5244.0,3.0,6.0,1,0,2.5,2.5,1.0,0.0,0.0,7.0,-1.0,-1.0,6.0,mid,mid
485300,Mark 14,Mark 38,HYDROGEL_PACK,XIRECS,9952.0,3,1,aggr_sell,9952.0,9968.0,8.0,16.0,1,0,2.0,-0.5,2.0,1.0,-2.0,1.0,12.0,-2.0,12.0,mid,wide
486400,Mark 01,Mark 55,VELVETFRUIT_EXTRACT,XIRECS,5239.0,7,1,aggr_sell,5239.0,5245.0,3.0,6.0,1,0,-3.0,-3.0,0.0,-1.5,-1.5,-7.0,-2.5,-2.5,22.0,mid,mid
489600,Mark 14,Mark 38,HYDROGEL_PACK,XIRECS,9948.0,4,1,aggr_sell,9948.0,9964.0,8.0,16.0,1,0,7.0,2.5,7.0,11.0,5.0,11.0,47.0,2.5,47.0,mid,wide
489700,Mark 14,Mark 55,VELVETFRUIT_EXTRACT,XIRECS,5237.0,6,1,aggr_sell,5237.0,5242.0,2.5,5.0,6,1,1.5,1.5,6.0,5.0,5.0,8.0,4.0,4.0,46.0,mid,mid
489700,Mark 01,Mark 22,VEV_5300,XIRECS,43.0,4,1,aggr_sell,43.0,45.0,1.0,2.0,6,1,0.0,1.5,6.0,2.0,5.0,8.0,1.0,4.0,46.0,mid,tight
489700,Mark 01,Mark 22,VEV_5400,XIRECS,14.0,4,1,aggr_sell,14.0,15.0,0.5,1.0,6,1,0.0,1.5,6.0,1.0,5.0,8.0,0.5,4.0,46.0,mid,tight
489700,Mark 01,Mark 22,VEV_5500,XIRECS,5.0,4,1,aggr_sell,5.0,6.0,0.5,1.0,6,1,0.0,1.5,6.0,0.5,5.0,8.0,0.0,4.0,46.0,mid,tight
489700,Mark 01,Mark 22,VEV_6000,XIRECS,0.0,4,1,aggr_sell,0.0,1.0,0.5,1.0,6,1,0.0,1.5,6.0,0.0,5.0,8.0,0.0,4.0,46.0,mid,tight
489700,Mark 01,Mark 22,VEV_6500,XIRECS,0.0,4,1,aggr_sell,0.0,1.0,0.5,1.0,6,1,0.0,1.5,6.0,0.0,5.0,8.0,0.0,4.0,46.0,mid,tight
490900,Mark 55,Mark 14,VELVETFRUIT_EXTRACT,XIRECS,5246.0,5,1,aggr_buy,5241.0,5246.0,2.5,5.0,1,0,1.0,1.0,8.0,0.0,0.0,13.0,2.0,2.0,41.0,mid,mid
491100,Mark 14,Mark 38,VEV_4000,XIRECS,1233.0,3,1,aggr_sell,1233.0,1254.0,10.5,21.0,1,0,1.5,1.5,7.0,-2.0,-2.0,6.0,2.0,2.0,40.0,mid,wide
492100,Mark 14,Mark 55,VELVETFRUIT_EXTRACT,XIRECS,5241.0,5,1,aggr_sell,5241.0,5246.0,2.5,5.0,1,0,0.5,0.5,0.0,-3.0,-3.0,-3.0,7.0,7.0,30.0,mid,mid
493900,Mark 01,Mark 55,VELVETFRUIT_EXTRACT,XIRECS,5237.0,3,1,aggr_sell,5237.0,5242.0,2.5,5.0,1,0,0.0,0.0,7.0,0.0,0.0,18.0,10.0,10.0,36.0,mid,mid
494500,Mark 38,Mark 14,HYDROGEL_PACK,XIRECS,9975.0,4,1,aggr_buy,9959.0,9975.0,8.0,16.0,1,0,2.0,-2.0,2.0,15.0,3.0,15.0,37.0,16.0,37.0,mid,wide
494700,Mark 14,Mark 38,VEV_4000,XIRECS,1228.0,2,1,aggr_sell,1228.0,1249.0,10.5,21.0,1,0,-1.0,-1.0,7.0,3.0,1.5,16.0,16.0,16.0,40.0,mid,wide
495300,Mark 14,Mark 38,HYDROGEL_PACK,XIRECS,9964.0,5,1,aggr_sell,9964.0,9980.0,8.0,16.0,1,0,7.0,0.5,7.0,9.0,2.0,9.0,34.0,15.0,34.0,mid,wide
496200,Mark 14,Mark 55,VELVETFRUIT_EXTRACT,XIRECS,5239.0,5,1,aggr_sell,5239.0,5244.0,2.5,5.0,1,0,-1.5,-1.5,-1.0,-2.0,-2.0,6.0,15.0,15.0,16.0,mid,mid
496300,Mark 14,Mark 38,VEV_4000,XIRECS,1230.0,2,1,aggr_sell,1230.0,1251.0,10.5,21.0,1,0,0.0,0.0,-1.0,1.0,1.0,5.0,15.0,15.0,14.0,mid,wide
498200,Mark 22,Mark 49,VELVETFRUIT_EXTRACT,XIRECS,5241.0,5,1,aggr_buy,5239.0,5240.0,0.5,1.0,1,0,3.0,3.0,6.0,3.0,3.0,6.0,23.0,23.0,13.0,mid,tight
498400,Mark 14,Mark 55,VELVETFRUIT_EXTRACT,XIRECS,5238.0,7,1,aggr_sell,5238.0,5243.0,2.5,5.0,1,0,2.0,2.0,8.0,3.0,3.0,4.0,22.0,22.0,10.0,mid,mid
499900,Mark 14,Mark 38,HYDROGEL_PACK,XIRECS,9990.0,6,1,aggr_sell,9990.0,10006.0,8.0,16.0,1,0,-4.0,0.0,-4.0,-5.0,6.0,-5.0,15.0,19.0,15.0,mid,wide
500800,Mark 14,Mark 38,HYDROGEL_PACK,XIRECS,9987.0,4,1,aggr_sell,9987.0,10003.0,8.0,16.0,1,0,2.0,0.0,2.0,8.0,6.0,8.0,6.0,19.0,6.0,mid,wide
501400,Mark 14,Mark 38,HYDROGEL_PACK,XIRECS,9987.0,6,1,aggr_sell,9987.0,10003.0,8.0,16.0,1,0,-2.0,4.0,-2.0,9.0,5.0,9.0,9.0,20.0,9.0,mid,wide
502000,Mark 14,Mark 38,HYDROGEL_PACK,XIRECS,9985.0,3,1,aggr_sell,9985.0,10001.0,8.0,16.0,1,0,4.0,3.0,4.0,10.0,1.5,10.0,14.0,17.0,14.0,mid,wide
502700,Mark 01,Mark 22,VEV_5500,XIRECS,6.0,2,1,aggr_sell,6.0,7.0,0.5,1.0,3,1,0.0,3.0,7.0,0.0,5.0,6.0,1.5,18.0,6.0,mid,tight
502700,Mark 01,Mark 22,VEV_6000,XIRECS,0.0,2,1,aggr_sell,0.0,1.0,0.5,1.0,3,1,0.0,3.0,7.0,0.0,5.0,6.0,0.0,18.0,6.0,mid,tight
502700,Mark 01,Mark 22,VEV_6500,XIRECS,0.0,2,1,aggr_sell,0.0,1.0,0.5,1.0,3,1,0.0,3.0,7.0,0.0,5.0,6.0,0.0,18.0,6.0,mid,tight
503500,Mark 14,Mark 38,HYDROGEL_PACK,XIRECS,9994.0,6,1,aggr_sell,9994.0,10010.0,8.0,16.0,2,1,1.0,-0.5,1.0,-2.0,7.0,-2.0,-3.0,13.0,-3.0,mid,wide
503500,Mark 14,Mark 38,VEV_4000,XIRECS,1240.0,3,1,aggr_sell,1240.0,1261.0,10.5,21.0,2,1,-1.0,-0.5,1.0,7.0,7.0,-2.0,13.0,13.0,-3.0,mid,wide
505300,Mark 55,Mark 22,VELVETFRUIT_EXTRACT,XIRECS,5256.0,3,1,aggr_buy,5253.0,5256.0,1.5,3.0,1,0,3.0,3.0,-8.0,6.0,6.0,-5.0,13.0,13.0,1.0,mid,mid
506200,Mark 14,Mark 55,VELVETFRUIT_EXTRACT,XIRECS,5254.0,5,1,aggr_sell,5254.0,5259.0,2.5,5.0,1,0,2.0,2.0,1.0,6.0,6.0,3.0,11.0,11.0,15.0,mid,mid
507200,Mark 38,Mark 14,HYDROGEL_PACK,XIRECS,10012.0,4,1,aggr_buy,9996.0,10012.0,8.0,16.0,1,0,-4.0,-1.0,-4.0,-2.0,0.0,-2.0,15.0,0.0,15.0,mid,wide
